2918 4890
238 275 296 338 DE
317 273 610 338 ARCHIMEDIS
634 274 959 340 Pnonnnhlrn
980 277 1172 347 BOVINO.
1194 286 1261 349 Ἀθ

159 459 325 588 άριθμάν
345 459 607 559 λαμβάνουσα,
634 460 718 539 α’λλ
741 461 1058 590 ρ’ποτιθεμδνη
1011 495 1055 542 το
1073 470 1142 564 μὲν
1159 469 1211 545 ἓν
1213 469 1259 553 ιδς

156 562 331 662 μονάδα,
351 595 403 645 τυ
395 561 468 642 δὲ
469 560 704 695 άριθμητάν
727 564 773 648 cic
791 562 980 695 άριθμόν,
1008 571 1088 646 οἷον
1104 567 1154 646 τά
1138 573 1256 694 τρία

156 665 343 768 τριάδα
308 697 403 744 ειναι
417 669 477 762 ιιαὶ
490 697 538 743 τα
531 663 634 744 δειια
648 663 799 743 δεκάδα·
827 667 887 765 ἐφ
894 667 944 744 ὤν
959 667 1084 766 ἐπάγει
1099 668 1149 746 τά
1160 671 1257 749 ιιατά

156 765 406 902 άριθμητιιιηυ
421 757 670 896 θεωρήματα.
686 779 834 897 θεωρεῖ
834 768 1021 848 οὖντοῦτο
1034 803 1104 867 μεν
1118 771 1256 877 τοιλη-

155 876 224 949 θὲν
238 872 286 949 ὑπ
295 869 569 971 ’Ἀρχιμήδους
589 867 736 968 βσειιιάν
760 868 974 1006 πρόβλημα,
1000 879 1170 953 τοῦτοδὲ
1185 907 1255 1002 μη-

155 976 256 1058 λίτας
269 1005 329 1049 ιιαι
321 977 514 1103 ηιαλίτας
529 971 724 1072 άριθμοάς,
744 970 829 1058 rodo
842 979 911 1068 μὲν
925 1006 981 1052 επι
976 980 1155 1074 φιαλῶν,
1170 977 1255 1064 τούς

54 1142 55 1145 ,
155 1081 237 1153 di
219 1106 276 1154 em
295 1079 462 1178 ποίμνης
494 1081 510 1170 (
517 1081 735 1172 designantur
756 1079 809 1149 his
828 1082 1068 1172 problemata
1059 1107 1093 1152 nr
1110 1084 1255 1154 lacobsii

153 1183 293 1256 Anthol.
307 1183 380 1256 Pal.
395 1183 439 1254 T.
456 1183 498 1251 ll.
515 1207 550 1275 p.
568 1181 654 1252 559.
672 1178 732 1252 50.
748 1181 884 1256 stow.
901 1183 955 1275 4.)
982 1213 1040 1256 ιιαι
1061 1191 1103 1260 ἐπ
1111 1183 1254 1260 ἄλλων

154 1285 193 1358 δε
214 1285 326 1378 μενων
347 1313 395 1358 τα
387 1278 536 1382 πλήθη
560 1285 634 1358 τάν
628 1286 843 1413 αἰσθητῶν
867 1279 1045 1377 σωμάτων
1068 1289 1253 1364 σκοποῦσα

154 1385 199 1468 ω“ς
222 1387 305 1484 περι
325 1383 516 1461 τελείων
492 1387 750 1483 απσφαίνεται.
776 1385 842 1478 ὕλη
866 1390 905 1465 δὲ
927 1385 1038 1485 αὐτῆς
1059 1385 1181 1465 πάντα
1204 1385 1254 1464 τά

153 1483 363 1614 άριθμητά·
389 1491 480 1588 μέρη
495 1490 534 1564 δὲ
557 1486 669 1587 αὐτῆς
685 1518 724 1562 αι
717 1488 945 1590 ’Ἑλληνικαὶ
965 1518 1024 1563 ναι
1016 1491 1253 1587 Αἰγυπτια-
1341 1581 1347 1593 .

151 1593 213 1664 ιιαὶ
235 1586 454 1686 καλούμεναι
476 1593 682 1684 μέθοδοι’
664 1620 702 1666 εν
726 1598 1084 1687 πσλλαπλασιασμσῐς
1105 1595 1165 1668 καὶ
1186 1623 1257 1689 με·

152 1700 306 1790 ρισμοῖι,
333 1693 391 1767 ναι
413 1700 453 1767 αἱ
472 1694 546 1767 τάν
560 1693 700 1816 μορίων
722 1691 1043 1817 συμιιεφαλαιάσεις
1062 1725 1122 1771 ναι
1114 1698 1240 1774 “-διαι
1221 1721 1277 1790 -4

152 1799 278 1895 ρι’σεις,
305 1824 361 1877 αις
377 1791 513 1886 ἰχυεάει
523 1791 573 1871 τά
586 1789 682 1870 κατά
678 1791 761 1918 τήν
778 1795 862 1920 ὕλην
879 1794 1230 1893 ε’μφωλευόμενα
1176 1829 1250 1880 των

151 1892 420 1997 προβλημάτων
444 1927 489 1997 τῃ
476 1897 594 1993 περὶ
617 1893 704 2018 roric
726 1926 922 2021 τριμωνους
942 1901 1000 1974 ιιαι
1025 1897 1276 1995 πολυγώνουςΙ

150 2001 401 2130 πραγματείηι·
428 2004 529 2082 τέλος
552 2002 589 2075 δὲ
617 1998 729 2098 αὐτῆς
747 1995 794 2074 τά
812 1997 1022 2076 ιισινωνιιιάν
1041 2009 1079 2078 ἐν
1099 2005 1168 2100 βίη)
1191 2006 1250 2100 ναὶ

150 2098 331 2202 χρήσιμον
353 2111 391 2178 ἐν
410 2103 665 2231 συμβολαίρις,
693 2103 914 2176 εἶναιδοκεῖ
925 2105 1008 2199 πιρι
1024 2107 1098 2180 τῶν
1113 2110 1250 2204 αἰσθη-

92 2242 94 2248 ·
149 2234 223 2279 των
243 2233 287 2286 ως
301 2205 446 2279 τελειων
462 2203 747 2298 ἀποφαίνεσθαι.
782 2203 895 2274 Multo
909 2216 1022 2274 autem
1036 2218 1124 2295 ante,
1149 2232 1250 2299 qnam

150 2308 240 2379 edita
262 2318 338 2376 sunt
360 2308 490 2376 scholia
510 2309 587 2394 illa,
612 2307 699 2376 haec
720 2309 841 2377 Latine
863 2309 996 2377 reddita
1022 2313 1227 2380 exstabant
1217 2335 1251 2380 m

149 2411 342 2502 Dasypodii
354 2412 508 2480 versione
518 2411 852 2479 Nomenclatnrarum
867 2412 1013 2481 Heronis
1024 2415 1251 2506 Alexandrini,

149 2538 252 2605 qnam
263 2516 318 2584 ille
335 2515 477 2583 orationi
499 2537 579 2582 suae
597 2514 641 2583 de
659 2513 841 2606 disciplinis
863 2515 1104 2586 mathematicis
1118 2518 1251 2609 adiecit,

149 2619 209 2694 fol.
236 2615 294 2690 16.
312 2642 342 2691 a.
363 2619 455 2687 cuins
475 2618 542 2686 loci
561 2616 721 2685 indicium
748 2616 860 2685 debeo
881 2617 921 2686 Ο.
945 2617 1004 2687 Br.
1030 2619 1250 2708 Mollweidio,

149 2723 303 2814 collegae
324 2721 496 2812 qnondam
514 2743 609 2803 meo,
635 2719 775 2788 eximiae
798 2719 990 2790 eruditionis
1004 2710 1086 2791 viro.
1137 2724 1250 2792 Acce·
1348 2796 1351 2801 ς

149 2824 199 2892 dit
220 2825 300 2894 inde
316 2824 402 2893 fides
422 2816 630 2916 inscriptioni
650 2823 936 2914 epigrammatis,
945 2847 1034 2913 qnae
1055 2825 1110 2893 vel
1125 2848 1189 2916 per
1212 2848 1250 2896 se

147 2929 194 2996 ita
217 2937 270 2998 est
290 2937 504 3020 comparata,
519 2935 571 2996 nt
601 2947 671 2995 non
688 2925 821 2994 mentiri
841 2924 1010 2996 videatur:
1043 2921 1256 3054 opsidione,

150 3027 239 3125 ὅπερ
255 3025 515 3158 Ἀρχιμηδης’
496 3057 535 3102 εν
551 3023 825 3123 επιμράμμασιν
841 3022 975 3124 εὑρών,
1000 3035 1077 3111 τοῖς
1091 3034 1129 3104 ἐν
1144 3027 1247 3104 Ἀλι-

148 3131 326 3259 ξανδρείᾳ
333 3133 419 3254 περι
434 3131 555 3205 ταῦτα
573 3132 934 3252 πραγματευομένοις
948 3138 1063 3228 ζητεῖν
1084 3127 1248 3207 άπέστει-
1326 3139 1328 3142 ’

148 3239 242 3308 λεν’
225 3261 263 3307 ευ
278 3234 326 3329 τῆ
345 3227 435 3325 πράς
452 3230 726 3330 Ἐρατοσθένην
745 3227 812 3306 τάν
835 3236 1048 3327 Κυρηναῖον
1068 3236 1248 3332 ἐπιστολη.Ι

148 3337 223 3405 Nec
232 3307 453 3404 dubitandum
465 3345 561 3427 puto,
588 3335 669 3424 quin
680 3356 794 3403 versus
809 3337 874 3426 ipsr
863 3336 933 3404 ab
948 3336 1154 3419 Archimede
1167 3338 1248 3409 facti

148 3440 220 3508 sint.
273 3439 437 3510 Solebant
449 3440 538 3507 enim
550 3438 647 3523 talia,
674 3438 881 3526 qnofirmius
897 3440 1081 3508 memoriae
1096 3439 1249 3510 mandari

147 3551 305 3636 possent,
331 3541 482 3613 versibus
497 3538 755 3632 comprehendi:
780 3563 844 3608 nec
859 3541 999 3626 mirum,
1025 3543 1053 3610 si
1068 3541 1248 3625 Archime-
1285 3552 1287 3558 ’

148 3645 209 3715 des
223 3647 258 3714 in
272 3669 312 3715 re
326 3644 496 3714 communi
511 3665 580 3712 non
596 3643 648 3712 est
659 3643 769 3734 patria
784 3642 929 3712 dialecto
940 3667 1029 3714 usus.
1063 3645 1171 3713 Simul
1185 3669 1248 3715 an·

147 3756 267 3817 temet
286 3773 341 3818 res
355 3749 449 3840 ipsa,
471 3755 505 3817 et
519 3769 607 3838 qnae
626 3745 823 3819 scholiastes
834 3747 890 3816 ille
913 3746 958 3816 de
972 3747 1111 3839 trigonis
1126 3755 1161 3816 et
1180 3772 1247 3842 po-

148 3851 283 3944 lygonis
309 3851 407 3942 dicit,
441 3849 755 3944 argumentosum,
788 3857 917 3919 tantum
937 3852 1056 3920 abesse
1083 3857 1122 3918 nt
1143 3851 1248 3922 altera

147 3978 228 4046 pars
243 3955 495 4048 epigrammatis
508 3954 624 4076 spuria
637 3953 696 4040 sit,
710 3943 759 4021 ht
772 3954 915 4022 maxime
931 3954 1114 4046 genuinam
1128 3953 1247 4025 haberi
1352 4001 1355 4004 ,
1372 4011 1376 4017 .

148 4067 314 4150 oporteat
366 4058 455 4126 Nam
478 4059 573 4151 prior
593 4077 675 4149 pars
699 4055 863 4125 eiusmodi
882 4064 950 4142 est,
976 4065 1014 4126 ut
1034 4056 1205 4126 solutio
1176 4080 1246 4128 eins

147 4160 275 4249 aliquid
294 4183 438 4254 operae,
463 4161 547 4230 nihil
570 4168 683 4230 antem
703 4159 782 4228 artis
799 4159 964 4250 requirat3
988 4161 1093 4229 altera
1112 4183 1194 4229 vero
1213 4170 1247 4231 et
1279 4231 1289 4239 ,
1320 4217 1323 4221 .

149 4262 251 4356 digna
266 4272 317 4335 est
328 4265 465 4360 ingenio
478 4261 708 4349 Archimedis,
734 4271 769 4332 et
783 4263 877 4348 talis,
902 4272 941 4332 nt
960 4274 1053 4334 recte
1071 4271 1247 4355 provocer
1284 4251 1285 4256 ἵ
1367 4319 1369 4322 ,
