2918 4890
515 312 604 372 ΗΒ.
628 309 664 371 lI.
708 311 807 370 CAP.
828 312 859 373 8.

193 500 329 594 ἑῖθαίν,
357 501 450 584 ὅπως
476 501 522 574 ἀν
547 494 600 598 μή
628 492 941 594 Κλυταιμνήστρα
966 492 1055 575 τάδε

194 606 325 705 μάδῃ,
350 605 435 704 πρὶν
454 601 567 701 Ἀιδῃ
594 599 697 675 παῖδ’
724 597 815 698 ἐμήν
840 602 987 694 προςθσῖ
1012 599 1140 694 λαβιάν.

11 733 15 749 ’
140 760 317 853 Aristoph.
332 755 551 845 nn..21281.
578 780 683 846 quum
696 754 870 838 Bacchus,
896 754 1012 821 nolens
1027 754 1169 846 amplius
1190 778 1251 823 an·
1351 760 1354 776 '

141 866 217 934 dire
244 862 462 954 Euripidem,
495 862 664 928 abiturum
689 881 726 926 se
751 857 850 941 dicit,
884 857 940 924 ille
965 857 1017 925 his
1042 880 1120 926 eum
1142 859 1251 926 verbis

141 990 278 1038 manere
298 966 409 1034 iubet:

194 1115 266 1216 μή,
288 1117 376 1216 ’πρίν
401 1119 439 1208 γ’
467 1107 620 1209 ἀκούσῃς
646 1108 805 1208 χάτέραν
833 1105 962 1184 στάσιν
987 1112 1116 1199 μελαῖν.

142 1292 215 1359 lam
232 1290 320 1358 enim
336 1293 527 1354 cantaturus
545 1291 606 1354 est.
661 1281 793 1349 Ecclea
814 1277 901 1353 75⁰.

196 1453 240 1531 οὐ
266 1450 335 1551 γάρ
361 1447 429 1527 τάν
455 1447 546 1544 έμόν
570 1452 705 1547 ἱδρσῖτα
732 1450 791 1522 καί
819 1448 1013 1542 φειδωλίαν

197 1556 303 1638 οὐδέν
328 1549 419 1652 πρδς
445 1558 528 1636 ἔπος
551 1553 664 1634 οὕτως
686 1548 846 1642 ἀνοήτως
871 1548 1064 1645 ἀποβαλεῖ,

195 1661 281 1758 πρὶν
307 1652 524 1751 ἐκπύθωμαι
550 1657 623 1730 πάν
649 1650 695 1730 τδ
710 1650 860 1754 πρᾶγμ’
888 1652 981 1743 §auc
1007 1657 1090 1747 ἔχει.

142 1813 277 1891 Ibidem
291 1836 321 1884 v.
336 1806 424 1884 856.

353 1978 397 2056 σά
425 1976 527 2079 δῆτ’,
558 1977 602 2076 ἤν
623 1974 661 2071 γ’
688 1975 837 2059 ἐκείναις
862 1977 945 2060 νοῦς
967 1979 1043 2076 ἐνῇ,

196 2082 281 2182 πρὶν
306 2079 530 2181 κάπενέγκῃς.

144 2255 197 2322 lta
220 2251 446 2328 scribendum.
498 2252 614 2344 Vulgo
638 2247 723 2348 πρίν
745 2245 782 2343 γ’
810 2245 1009 2347 ἀπενέγκῃς.
1063 2251 1253 2324 Brunclrius

30 2383 33 2387 ’
146 2380 189 2427 ex
209 2380 278 2426 uno
299 2357 375 2428 cod.
390 2361 477 2454 πρίν
497 2351 533 2448 γ’
556 2355 601 2427 ἀν
620 2349 829 2449 ἀπενέγκῃς,
856 2353 1025 2424 Personus
1043 2355 1129 2454 πρὶν
1143 2353 1189 2431 ἀν
1215 2354 1252 2452 γ’
1314 2365 1316 2370 ’

145 2457 346 2559 ἀπενέγκῃς.
397 2461 438 2529 In
455 2458 577 2528 eadem
590 2457 705 2526 fabula
719 2480 751 2532 v,
769 2454 855 2523 628.
1240 2483 1242 2488 ·

309 2625 396 2704 κούκ
423 2630 565 2711 ἔξεσται
590 2620 692 2723 παρά
716 2632 814 2699 τοῖσι
840 2631 961 2707 καλοῖς
985 2629 1233 2724 καταδαρθεῖν

198 2735 300 2805 ταῖσι
324 2731 501 2826 γυναιξίν,
536 2729 620 2827 πρίν
647 2735 723 2810 τοῖς
745 2732 905 2824 αἰσχροῖς
925 2730 986 2801 καὶ
1011 2735 1087 2809 τοῖς
1111 2737 1253 2827 μικροῖς

770 2830 1003 2928 χαρίσωνται.

152 2979 390 3077 Χαρίσασθαι
406 2982 463 3052 hic
487 2983 589 3052 scribi
614 2983 790 3052 voluerunt
805 2983 1031 3074 Tyrwhittus‚
1059 2984 1178 3073 (quem
1196 3006 1252 3052 se·

148 3086 261 3174 quitur
274 3087 455 3174 PorsonuS,
471 3087 538 3176 ¹qui
556 3093 652 3154 antea
667 3092 767 3158 ταῖσι
780 3086 932 3178 γυναιξί,
958 3085 1042 3183 πρίν
1061 3086 1107 3159 ἀν
1123 3125 1171 3137 -
1186 3113 1252 3176 χα-

148 3186 322 3282 ρίσωνται
336 3191 551 3274 coniecerat,
569 3199 607 3256 ut
618 3188 723 3256 refert
744 3189 920 3258 Dobraeus
935 3214 971 3282 p.
991 3188 1097 3282 201.)
1120 3199 1155 3258 et
1167 3189 1252 3257 Reiu

148 3291 251 3381 sigius
268 3292 302 3359 in
317 3291 467 3362 Coniect
483 3293 511 3365 l.
531 3316 565 3384 p.
574 3288 634 3359 65.
650 3292 704 3358 cni
718 3293 894 3360 assentitur
902 3294 1080 3363 Elmsleius
1097 3292 1142 3360 ad
1155 3290 1252 3363 Med.

148 3387 235 3460 215.
256 3394 313 3482 qui
334 3404 368 3463 et
387 3397 445 3462 illo
468 3396 547 3463 loco
569 3394 668 3462 etad
690 3394 889 3463 Heraclidas
912 3420 943 3464 v.
966 3393 1052 3469 959.
1074 3397 1110 3464 in
1133 3394 1252 3463 eadem

148 3497 310 3563 sententia
333 3506 400 3583 est,
425 3499 460 3564 in
479 3521 547 3588 qua
565 3499 733 3566 Porsonus
760 3506 794 3565 et
815 3498 1000 3591 Reisigius,
1027 3500 1163 3567 comicis
1186 3519 1253 3566 non

147 3597 279 3666 licuisse
296 3598 379 3694 πρὶν
393 3601 463 3668 sine
480 3599 525 3672 ἄν
542 3623 619 3667 cum
634 3601 844 3678 coniunctivo
861 3603 1075 3695 coniungere.
1108 3603 1154 3669 Et
1170 3601 1253 3668 llei-

133 3700 251 3792 eigins
267 3701 403 3790 quidem
422 3704 483 3771 etsi
496 3702 564 3770 hoc
577 3702 677 3771 valde
694 3705 882 3794 speciosum
898 3705 1008 3795 affert,
1033 3706 1090 3795 qui
1104 3705 1254 3772 tenuiore

148 3804 224 3870 stilo
240 3813 384 3888 utantur,
409 3829 477 3874 non
491 3806 645 3874 omittere
660 3803 721 3883 ἀν,
748 3807 842 3896 quod
855 3809 892 3876 iis
906 3817 1034 3876 tantum
1056 3830 1254 3877 concessum
1344 3879 1346 3882 ⁴

149 3928 243 3994 esse,
270 3929 413 3998 quorum
430 3910 549 3977 elatior
565 3910 606 3977 sit
623 3910 748 3994 oratio,
774 3918 887 3978 tamen
909 3934 976 4003 ego
1000 3920 1038 3980 ut
1057 3912 1152 3980 aliter
1175 3935 1253 3981 sen-

148 4009 247 4098 tiam,
273 4033 378 4098 quum
398 4013 555 4104 analogia
576 4035 717 4080 moveor
736 4012 876 4081 aliorum
894 4014 1134 4084 vocabulorum
1149 4013 1193 4088 ἀν
1212 4037 1254 4083 ea

149 4133 219 4200 qua
240 4111 309 4182 dixi
335 4115 525 4184 conditione
545 4115 785 4207 respuentium,
811 4124 883 4186 tum
904 4121 1135 4212 exemplorum
1165 4140 1252 4207 quac

150 4216 364 4286 omissionem
394 4219 578 4312 particulae
608 4227 742 4287 tuentur
767 4227 894 4290 natura.
946 4224 1067 4293 Verbis
1091 4219 1253 4291 simillima
