2918 4890
479 293 958 360 urssnaasrro.
1211 306 1275 369 χω

21 564 24 573 ,
167 487 408 587 μαρμαίρειν,
435 481 686 585 οἷμαρύσσαν,
712 480 957 584 μαρμαραγή,
984 482 1211 585 σμάραγδος,
1239 504 1273 563 σι
1370 550 1372 554 .
1430 528 1434 543 1

101 656 103 660 .
167 596 242 666 alia.
296 594 476 662 Caeterum
496 614 601 681 quum
622 591 747 660 Strabo
773 589 937 680 Aeschyli
952 613 1066 660 versus
1088 605 1272 686 propterea

79 727 80 730 ¹
167 697 307 784 afferat,
333 706 370 763 ut
390 695 547 764 ostendat
573 717 708 762 omnem
731 717 846 777 oram,
877 716 966 784 quae
985 694 1030 761 ab
1049 696 1177 765 oriente
1199 701 1270 769 sole

167 800 211 868 ad
239 800 449 869 occidentem
476 807 544 885 est,
579 798 623 865 ab
645 796 869 888 Aethiopibus
890 796 1075 865 habitatam
1102 822 1197 886 esse,
1229 826 1271 871 ex

167 926 210 972 eo
225 925 347 971 vanum
362 925 435 970 esse
450 900 654 992 intelligitur,
682 899 776 991 quod
792 909 999 968 commentus
1013 911 1064 969 est
1078 901 1103 968 Ι.
1119 902 1164 970 Η.
1179 904 1270 974 Vos-

167 1009 244 1093 sius,
268 1006 455 1074 cohaesisse
470 1027 538 1071 non
551 1004 753 1095 interpositis
768 1003 838 1071 aliis
847 1004 996 1072 versibus
1011 1004 1078 1072 hoc
1094 1005 1270 1099 fragmen·
1383 1029 1385 1034 ’

166 1119 238 1178 tum
257 1132 335 1177 cum
359 1130 418 1194 eo,
451 1106 544 1196 quod
566 1108 676 1198 primo
698 1107 776 1173 loco
799 1106 1057 1191 collocavimus,
1079 1108 1270 1202 lacumque,

166 1236 269 1302 quem
296 1210 486 1331 Aeschylus
511 1209 617 1292 dicat,
644 1233 716 1277 esse
737 1232 829 1276 mare
847 1208 1028 1300 Caspium,
1061 1221 1095 1279 et
1118 1212 1269 1304 Titanes,

165 1325 290 1383 tartaro
307 1315 455 1400 emissos,
480 1312 576 1434 apud
591 1313 729 1380 fratrem
746 1312 863 1382 Solem
876 1311 1054 1382 habitasse.
1098 1314 1170 1382 Sed
1182 1339 1269 1407 pro-

165 1420 278 1511 prium
297 1418 365 1486 hoc
386 1425 458 1484 erat
481 1416 543 1483 viri
570 1424 702 1483 caetera
727 1415 861 1506 optimi,
888 1425 926 1482 ut
947 1439 1035 1505 quae
1058 1419 1215 1485 semel
1187 1443 1218 1487 σι
1236 1420 1270 1488 in

165 1531 313 1590 mentem
327 1520 513 1604 venisseut,
539 1517 583 1586 ad
610 1519 753 1587 invictae
772 1517 921 1587 veritatis
945 1506 1198 1609 persuasionem
1221 1523 1270 1591 ri-
1287 1579 1289 1584 .

165 1632 351 1717 gescerent.
403 1623 483 1691 Non
506 1622 614 1742 magis
639 1621 793 1708 credam,
819 1619 912 1710 quod
932 1622 1114 1690 cuidam
1084 1646 1192 1694 visum
1209 1635 1270 1711 est,

164 1727 444 1820 Aristophanem,
472 1747 575 1815 quum
588 1725 623 1791 in
636 1725 763 1793 Avibus
780 1746 810 1789 v.
828 1720 940 1794 155³.
956 1726 1105 1818 scripsit,

329 1854 418 1958 προς
443 1860 481 1934 di
508 1865 584 1942 τοῖς
609 1854 814 1933 Σκιαποσιν
839 1860 898 1933 ll·

371 1987 445 2060 μνη
472 1961 525 2044 τίς
543 1959 647 2052 ἐστ’,
675 1961 833 2044 ἄλουτος
854 1959 899 2036 οὖ

372 2071 583 2161 ψυχαγωγεῖ
604 2059 819 2162 Σωκρατης,

164 2206 209 2273 ad
225 2202 434 2294 Aeschylum
449 2202 646 2295 respexisse
682 2201 771 2270 lllud
784 2223 853 2270 uon
867 2158 1153 2293 praetereundum
1167 2205 1269 2290 duco,

164 2310 271 2376 minus
300 2307 491 2399 elegantem
521 2329 595 2374 esse
617 2306 823 2426 paroemiaci
848 2328 925 2373 cum
949 2307 1089 2375 caeteris
1116 2309 1268 2378 versibus

165 2411 451 2496 coniunctionem,
476 2418 514 2477 ut
536 2409 697 2500 suspicari
724 2408 797 2497 quis
823 2409 1086 2500 possit,verbis
1112 2417 1269 2505 θερμαῖς

163 2512 295 2592 ὕδατος
316 2512 490 2603 μαλακοί·
503 2517 676 2606 προχοαῖς
699 2532 768 2579 uno
790 2534 890 2580 versu
914 2512 1165 2606 comprehensis
1187 2523 1269 2584 ante

163 2609 343 2689 cluoneda
361 2615 522 2684 excidisse
538 2613 677 2704 aliquod
691 2614 917 2706 participium.

265 2719 319 2786 De
333 2717 557 2810 Aethiopibus
571 2718 683 2785 nescio
697 2740 739 2784 an
748 2717 848 2808 plura
861 2717 1003 2786 dixerint
1016 2717 1168 2791 Titanes,
1194 2717 1268 2786 Ex-

163 2830 228 2889 stat
249 2830 361 2909 certe,
388 2821 483 2910 quod
504 2821 548 2890 ad
569 2843 627 2888 eos
651 2829 800 2912 spectet,
826 2821 1084 2911 anapaesticum
1091 2821 1266 2914 fragmen·
1318 2832 1326 2861 s

162 2934 233 2992 tum
248 2925 318 2992 sine
334 2924 469 2993 fabulae
486 2924 619 2992 nomine
636 2922 729 3015 apud
742 2922 954 2992 scholiastam
964 2923 1136 3014 Apollonii
1149 2923 1266 2993 Rhod.

162 3028 206 3095 ad
228 3029 284 3096 lV.
315 3026 425 3096 1348.
453 3030 607 3122 στέρφος
622 3028 701 3100 δέ’
683 3053 762 3100 εστι
780 3020 826 3099 ad
851 3027 990 3121 δέρμα,
1018 3023 1109 3099 ὅθεν
1129 3027 1188 3098 καὶ
1212 3054 1256 3101 νο
1250 3022 1317 3114 18

163 3129 380 3224 σσερφσῖσαι
416 3127 558 3223 Ιβυκος
575 3129 614 3203 di
631 3155 870 3223 στερφωτηρα
889 3155 1049 3224 στρατον
1064 3130 1181 3250 εἴρηκε
1197 3157 1264 3202 τον

163 3231 294 3320 ἔχοντα
309 3234 483 3327 δέρματα.
513 3225 613 3305 διδ
585 3231 646 3304 καὶ
660 3257 735 3324 παρ
740 3227 934 3327 Αἰσχύλῳ
952 3227 1093 3314 ἀξιοῦσι
1109 3258 1264 3326 γραφοιν

325 3369 685 3466 μελανοστέρφαν’
641 3394 758 3461 γενος,

162 3497 242 3574 a’tt’
257 3529 301 3575 ov
292 3497 621 3624 ’μελανοστέρνων
651 3499 696 3577 οὐ
680 3530 779 3625 γαρ
792 3495 909 3595 μόνον
923 3529 970 3576 τα
981 3503 1111 3601 στέρνα
1125 3503 1266 3596 μέλανα
1349 3490 1352 3496 ’

161 3605 305 3696 ἕχονσιν
315 3659 329 3694 ,
356 3598 451 3680 ἄλλα
463 3633 522 3677 ναι
514 3604 624 3680 ὅλον
643 3634 687 3680 το
706 3606 823 3698 σῶμα.

264 3707 381 3778 Choro
400 3709 631 3801 respondebat
645 3708 867 3779 Prometheus
881 3707 1049 3789 trimetris,
1077 3708 1169 3775 cuius
1185 3731 1266 3777 ora-

160 3810 257 3880 tionis
279 3812 408 3910 initium
432 3814 574 3881 servavit
592 3813 712 3882 Latine
738 3819 871 3881 versum
895 3810 1080 3896 CiceroQ
1101 3810 1205 3884 Tusc
1221 3812 1264 3880 ll.

162 3912 229 3986 10.
256 3915 337 3984 Eius
354 3914 440 3985 haec
457 3917 562 3984 verba
577 3926 669 3986 sunt:
695 3915 820 3985 veniat
835 3913 1094 4007 Aeschylus,
1069 3936 1141 3981 noo
1149 3923 1265 4035 poeta

159 4017 294 4103 solam,
322 4020 388 4087 sed
410 4018 522 4088 ctiam
542 4020 830 4114 Pythagoreos:
852 4017 906 4086 sr‘c
929 4016 1024 4085 enim
1045 4018 1263 4112 occepimus.

163 4119 354 4215 Quomodo
366 4120 453 4214 fert
479 4124 582 4214 opud
605 4146 685 4193 eom
709 4121 951 4193 Prometheus
974 4121 1140 4206 dolorem
1161 4144 1265 4214 qoem

159 4223 302 4316 excepit
319 4223 363 4292 ob
366 4223 517 4317 sortem
533 4225 731 4317 Lemnium,
758 4225 847 4295 unde
861 4225 946 4318 ignis
962 4225 1054 4295 cluet
1069 4225 1264 4294 mortalibus

160 4326 247 4394 clam
271 4327 411 4397 divisust
435 4351 513 4398 eum
535 4328 643 4399 dictus
657 4328 881 4399 Prometheus
897 4329 1041 4420 clepisse
1058 4328 1151 4415 dolo,
1171 4328 1264 4421 poe-
1338 4368 1344 4390 ι
