2918 4890
168 256 211 318 oo
502 253 558 313 DE
594 250 865 313 PARTICVLA
887 243 934 312 ίίν

170 438 305 535 ρ.383.
334 435 436 530 (455.
462 435 498 535 §.
516 438 550 512 2.
576 440 705 531 Bclrlr.)
732 439 1011 508 consentientibus
1025 439 1135 508 libris.
1163 443 1276 532 ἐβου-

171 539 286 642 λόμην
302 544 370 636 μὲν
387 571 465 670 οην,
493 571 519 614 ω
509 442 750 639 ’Ἀθηναίοα
776 543 837 614 καί
841 570 920 669 ,την
934 537 1070 635 βοσλην
1092 569 1178 622 τους
1195 568 1276 614 πεν-

170 647 360 726 τακοσίους
373 645 431 718 καί
445 639 510 725 τοῖς
523 643 738 770 ἐκκλησίας’
717 640 789 718 ond
803 646 876 718 τείν
890 638 1138 742 ἐφεστηκότων
1156 640 1276 738 ὀρθοῖς

170 753 409 838 διοικεῖσθαι,
436 748 496 821 καὶ
517 743 602 828 τούς
623 743 773 840 νόμους,
800 747 860 828 οὓς
875 749 1140 843 ἐνομοθέτησεν
1159 741 1275 820 ὁΣό-

168 857 253 1024 aaz
251 877 360 1026 πὲρρί
347 877 409 947 της
424 843 586 949 ρητόρων
601 848 812 979 εὐκοσμίας,
839 844 985 941 ἰσχύειν
1029 850 1274 943 Aristophanes

167 1109 169 1113 ’
271 1100 472 1207 ἐβουλόμην
498 1109 566 1194 μὲν
593 1103 657 1182 οὐκ
683 1105 811 1201 ἐρίζειν
837 1099 985 1179 ἐνθάδε·

169 1261 227 1328 ubi
248 1259 436 1328 Brunclrius
454 1282 520 1326 uon
540 1260 688 1328 debebat
705 1257 832 1326 addere
853 1254 908 1328 οίν.
959 1258 1110 1346 Vterque
1130 1255 1274 1348 scriptor

169 1373 261 1431 recte
285 1364 442 1451 loquutus
469 1373 528 1432 est.
581 1364 670 1429 Nam
693 1363 856 1453 significat
875 1359 959 1427 illud
983 1353 1186 1454 ἐβουλόμην
1211 1383 1274 1428 ου·
1301 1368 1304 1379 ’

163 1465 328 1559 plebum,
356 1467 409 1532 cui
430 1466 587 1553 quoniam
612 1488 680 1531 nou
702 1473 752 1531 est
773 1463 967 1555 oppositum
994 1472 1036 1532 at
1056 1483 1128 1530 νιονι
1157 1462 1274 1555 cupio,

169 1579 260 1636 recte
285 1568 379 1635 abest
400 1565 454 1638 ἄν.
507 1567 624 1656 ltaque
649 1565 742 1657 apud
764 1565 967 1634 Aeschinem
993 1561 1127 1634 sensum
1149 1567 1273 1633 verbo-

169 1693 243 1738 rum
257 1672 358 1738 etiam
378 1671 424 1737 ita
443 1670 522 1737 licet
537 1667 744 1761 exprimere,
772 1666 927 1736 debebat
940 1668 1087 1738 servari
1102 1669 1274 1760 antiquus

169 1795 247 1843 mos
268 1772 494 1844 iudiciorum.
545 1772 651 1864 Apud
670 1771 934 1862 Aristophanem
954 1781 1066 1839 autem
1083 1772 1140 1860 qui
1161 1771 1274 1861 loqui·
1318 1824 1319 1827 ,

46 1906 54 1920 ·
169 1889 232 1962 tur,
256 1875 456 1967 Aeschylus,
478 1898 581 1965 quum
600 1873 788 1968 capiebam
807 1896 879 1942 ιιοιι
903 1884 1051 1944 certare
1071 1874 1170 1965 dicit,
1203 1897 1274 1942 ma

169 2003 250 2048 uere
265 2003 301 2047 se
317 1981 460 2047 alienum
471 2002 492 2045 a
506 1979 656 2046 certandi
669 1978 850 2070 cupiditate
864 1977 1000 2066 iudicat,
1015 1977 1152 2063 etiamsi,
1169 2000 1275 2066 quum

170 2082 356 2151 detrectare
370 2090 525 2172 nequeat,
548 2091 731 2151 certaturus
743 2091 810 2150 est:
835 2081 871 2148 id
886 2081 980 2170 quod
988 2082 1041 2150 his
1054 2082 1164 2150 verbis
1175 2080 1273 2148 dicit:

272 2232 368 2329 ὅμως
394 2231 444 2312 δ’,
473 2228 596 2326 ἐπειδή
623 2261 681 2307 σοι
708 2237 824 2322 δοκεῖ,
852 2230 1087 2341 δρᾶνκαίτοι
1113 2225 1220 2330 χρη
1265 2244 1270 2250 “

170 2386 240 2456 Sed
264 2385 512 2453 observandum
534 2394 601 2468 est,
633 2387 687 2454 vix
707 2387 801 2453 aliter
820 2385 888 2453 hoc
912 2387 1052 2455 verbum
1072 2380 1274 2486 ἐβουλόμην
1318 2355 1320 2360 ¹

160 2490 202 2556 ‘in
228 2489 393 2580 principio
418 2488 555 2577 quidem
580 2489 736 2557 orationis
758 2511 872 2556 carcre
891 2512 992 2580 posse
1018 2489 1182 2582 particula
1211 2487 1272 2580 ἄν,

170 2614 272 2679 quam
289 2591 315 2658 si
328 2590 396 2682 μίν
411 2591 594 2679 adiiciatur,
621 2613 689 2681 quo
708 2591 816 2660 statim
832 2592 1003 2680 indicetur,
1031 2593 1092 2662 etsi
1106 2593 1178 2682 quis
1192 2593 1273 2661 velit

169 2692 310 2783 aliquid,
337 2702 458 2781 tamen,
484 2694 578 2783 quod
590 2695 681 2782 velit
707 2717 774 2765 non
792 2696 874 2765 fieri.
925 2696 1043 2785 ltaque
1058 2696 1286 2784 Antisthenes.

168 2797 283 2864 rhetor
293 2797 477 2865 orationem
484 2793 616 2866 Aiacis
607 2821 640 2865 m
655 2797 903 2868 ReislriiOratt.
912 2800 977 2867 vol.
994 2799 1083 2920 VIII.
1093 2822 1127 2890 p.
1144 2794 1238 2868 52.
1212 2821 1271 2888 src,

168 2908 205 2967 ut
220 2899 312 2988 fecit,
333 2900 480 2969 debuit
470 2902 637 3030 mcipere=
663 2895 909 3023 ἐβουλόμην
884 2928 930 2973 αν
943 2894 1169 2983 τοόςαιίτοιίς
1183 2899 1272 2996 ημῖν

171 2995 344 3089 δικάζειν,
372 3009 475 3098 οἵπερ
500 3003 560 3075 καί
583 3007 621 3075 ἐν
645 3010 722 3084 τοῖς
742 2997 930 3099 πράγμασι
952 3030 1129 3101 παρησαν.
1180 3004 1272 3073 Νειιιι

172 3103 199 3171 si
212 3104 385 3190 omisisset,
402 3127 536 3172 narrare
553 3105 723 3174 videretur
733 3128 768 3174 se
783 3106 926 3174 voluisse
941 3107 1034 3197 illud,
1052 3130 1141 3174 nunc
1158 3114 1271 3178 autem

170 3206 329 3274 abiecisse
356 3230 432 3275 eam
452 3210 664 3277 voluntatem.
717 3208 929 3277 simillimum
955 3218 1005 3277 est
1024 3161 1091 3277 hoc
1117 3210 1272 3299 Dionysii

36 3299 44 3312 ’
166 3308 245 3376 Hal.
267 3309 339 3382 Art.
361 3309 463 3381 Rhct.
486 3335 514 3379 c.
538 3311 572 3379 3.
597 3312 665 3382 init.
687 3335 722 3403 p.
741 3310 866 3380 233.
849 3311 929 3402 εμοί
948 3313 1018 3404 μὲν
1039 3339 1083 3410 ην
1103 3305 1268 3435 τερπνόν,

168 3402 282 3484 αὐτον
305 3407 472 3507 παρόντα
501 3413 561 3486 καί
588 3407 854 3543 σρνχρρειίοντα
881 3413 940 3485 καί
972 3408 1271 3508 σίναβακχιιίοντα

168 3505 265 3603 μειοῖ
293 3540 359 3587 σοι
358 3567 374 3601 ,
400 3542 463 3610 της
483 3515 621 3614 φίλης
607 3544 689 3638 ιμρι
682 3513 927 3613 '‘usoatrjq
904 3523 1040 3610 υμνεῖν
1094 3517 1174 3600 Quo
1190 3517 1270 3585 loco

168 3615 222 3683 vix
232 3625 319 3724 puto
338 3616 480 3685 dubitari
492 3641 594 3709 posse
608 3619 689 3709 quin
705 3620 864 3690 exciderit
876 3617 1091 3712 particula
1066 3646 1121 3690 αν.
1173 3620 1269 3687 1λὶσί-

166 3727 220 3886 tFpr
232 3711 429 3890 peroleg'pm
449 3715 650 3818 ἐβουλόμην
663 3721 731 3842 μέν
750 3721 795 3796 ἄν
803 3777 816 3812 ,
843 3732 880 3790 ut
895 3722 993 3853 apud
1005 3722 1270 3814 Aristophanem

200 3842 238 3887 cc
252 3843 287 3888 es

269 3969 471 4072 ἐβουλόμην
497 3976 566 4069 μὲν
593 3983 717 4072 ἕτερον
741 3975 787 4050 σίν
812 3975 886 4048 τιίν
910 3971 1060 4073 η’θοίδων

268 4075 382 4168 λέγειν
408 4108 456 4151 τα
447 4073 649 4172 βέλτισθ
659 4127 669 4162 ,
696 4086 730 4152 ἱν
736 4070 1006 4176 ἐκαθήμην”
982 4105 1119 4176 ησυχος

168 4227 236 4312 Qui
250 4228 360 4316 locus,
388 4239 426 4298 ut
438 4232 591 4322 plerique
605 4254 736 4318 omnes,
761 4230 933 4321 inquibus
953 4231 1120 4300 adiectum
1140 4231 1235 4300 cst
1209 4258 1266 4312 αν,
