3236 5048
283 325 349 388 206
655 322 1030 384 ΕΜΕΝΒΑΤΙΟΝΕὸ

246 523 251 534 ’
286 522 389 604 atque
406 510 528 579 inutilis
549 509 646 579 iacet
698 511 745 578 At
763 510 933 580 enimvero
954 509 998 578 de
1013 517 1085 578 arte
1103 509 1218 602 critica
1241 518 1311 578 tam
1327 511 1397 580 dis-

286 625 464 708 crepantes
477 622 552 681 sunt
565 613 739 682 hominum
755 615 952 701 sententiae,
979 635 1081 702 quam
1096 613 1142 681 de
1155 623 1227 680 arte
1242 614 1397 683 medico-

286 743 371 788 rum.
423 717 587 785 simillimi
609 718 699 784 enim
715 727 790 785 sunt
813 717 917 784 critici
933 717 1091 802 medicis,
1117 739 1159 783 ac
1178 717 1291 808 potius
1315 717 1398 786 nihil

286 824 331 889 ab
344 823 384 888 iis
405 819 584 906 differunt,
609 819 672 888 nisi
695 819 788 908 quod
808 821 951 910 scripta,
977 820 1025 886 illi
1044 827 1158 887 autem
1177 841 1323 911 corpora
1338 843 1398 889 cu·

285 933 371 996 rant.
423 922 471 989 Vt
488 923 550 990 illis
566 931 600 990 ct
616 922 932 1014 cognoscendorum
948 923 1144 989 morborum
1160 922 1298 990 scientia
1311 945 1397 1015 opus

289 1036 355 1115 est,
383 1047 486 1114 quam
505 1019 744 1120 σημειωτικήν
770 1025 961 1115 appellant3
995 1034 1030 1092 et
1050 1047 1179 1110 rernm,
1211 1026 1333 1114 quibus
1352 1023 1397 1092 ad

289 1128 496 1198 medendum
516 1135 651 1194 utantur
674 1127 885 1218 cognitione,
919 1149 1020 1217 quam
1042 1124 1129 1222 ὕλην
1151 1120 1318 1223 ἰατρικήν
1343 1127 1397 1196 di-

291 1241 388 1313 cunt3
425 1238 460 1298 et
486 1229 800 1319 componendorum
826 1229 1148 1298 medicamentorum
1172 1237 1261 1314 arte,
1295 1252 1397 1328 qnam

265 1325 597 1429 4φαρμακευτικήν
614 1340 758 1423 vocant5
783 1340 817 1400 et
833 1332 1059 1401 curandorum
1073 1339 1290 1422 aegrotomm
1302 1331 1397 1424 peri·-

289 1437 354 1522 tia,
381 1457 484 1524 qnam
504 1433 675 1501 nominant
699 1427 983 1529 depensuranq'ut
1008 1435 1056 1502 sic
1073 1432 1109 1500 hi
1131 1441 1166 1501 et
1187 1436 1395 1526 corruptela-

289 1561 365 1607 rum
377 1537 485 1604 varias
501 1536 625 1604 formas
642 1559 843 1626 caussasque
861 1537 1079 1628 cognovisse,
1105 1544 1140 1604 et
1155 1559 1243 1624 qnae
1262 1537 1328 1604 sint
1344 1546 1397 1605 at·

289 1664 358 1732 que
377 1639 468 1707 unde
485 1639 634 1730 petenda
652 1639 808 1707 vitiorum
826 1639 978 1707 remedia
991 1649 1127 1726 tenere,
1153 1647 1187 1707 et
1202 1639 1325 1708 horum
1339 1662 1397 1708 re-

250 1744 252 1750 ’
289 1743 478 1813 mediorum
503 1761 590 1831 quae
610 1749 878 1834 temperamenta
899 1743 964 1812 sint
986 1741 1180 1811 adhibenda
1198 1741 1394 1834 intelligere,

290 1857 325 1916 et
341 1853 501 1937 corrupta·
519 1843 664 1935 denique
680 1867 747 1935 qua
766 1847 896 1914 ratione
911 1845 1060 1914 sananda
1080 1846 1144 1914 sint
1159 1846 1244 1914 scire
1261 1845 1395 1914 debent.

289 1951 336 2018 Vt
355 1949 478 2018 medici
493 1949 549 2016 alii
573 1948 619 2016 ad
635 1949 801 2016 urendum
816 1957 850 2017 et
872 1948 1056 2017 secandum
1071 1948 1190 2040 proni,
1218 1949 1274 2016 alii
1288 1949 1397 2018 timidi

290 2063 325 2122 et
337 2053 392 2120 vel
407 2051 453 2120 ad
468 2053 579 2122 levem
591 2051 817 2121 infirmitatem
830 2053 953 2143 trepidi
973 2061 1066 2136 sunt,
1090 2053 1138 2119 sic
1154 2052 1311 2120 etiamen
1329 2053 1397 2120 cri-

288 2157 361 2226 ticis
377 2156 433 2224 alii
447 2155 608 2224 violentas
625 2179 742 2224 manus
757 2157 923 2241 inliciunt,
949 2178 992 2223 ne
1008 2155 1144 2223 sinceris
1161 2155 1299 2244 quidem
1312 2177 1396 2248 par-

290 2269 433 2342 contest
456 2259 511 2328 alii
530 2258 586 2326 vix
607 2261 752 2328 tremulo
767 2259 863 2351 digiti
882 2268 975 2326 tactu
996 2267 1173 2326 attrectare
1189 2257 1313 2326 affecta
1334 2281 1396 2326 au-

288 2364 381 2432 dent.
432 2362 479 2432 Vt
498 2361 622 2430 medici
636 2385 719 2432 raro
737 2363 886 2452 aliquem
907 2361 1038 2454 penitus
1059 2371 1192 2444 sanant,
1216 2361 1396 2450 aliquando

289 2467 390 2536 etiam
405 2464 624 2547 interficiunt,
651 2466 713 2533 arti
728 2466 898 2533 victimam
914 2464 1060 2532 oblatam
1081 2461 1246 2532 dicentes:
1271 2465 1318 2532 sic
1340 2464 1397 2554 qni

289 2569 507 2658 scriptorem,
532 2565 594 2636 uisi
612 2566 701 2636 forte
717 2568 812 2636 nnius
834 2567 991 2659 pagellae
1008 2567 1154 2636 terminis
1169 2567 1397 2658 comprehen-

289 2693 374 2756 sum,
400 2671 433 2738 in
446 2671 616 2762 integrum
629 2671 812 2740 restituerit
832 2671 974 2756 criticus,
999 2669 1149 2738 nondum
1167 2679 1320 2761 repertus
1336 2678 1396 2756 est,

289 2774 484 2854 exstiterunt
495 2781 625 2860 antem,
651 2775 710 2864 qui
723 2784 919 2844 necatorum
937 2775 981 2840 ab
997 2796 1034 2841 se
1052 2773 1256 2864 scriptorum
1272 2796 1398 2866 magna

289 2877 472 2963 cadavera,
498 2886 604 2945 artem
618 2879 718 2946 'suam
736 2879 913 2966 iactantes,
939 2877 1079 2968 publice
1093 2885 1308 2966 exponerent
1351 2875 1398 2944 vt

218 3021 220 3026 ·
288 2979 499 3048 medicorum
515 2979 671 3069 quidam,
698 2980 824 3070 aliquid
845 2981 963 3049 saltem
986 2979 1041 3047 dev
1054 2980 1166 3047 multis
1184 2980 1413 3070 profuturnm-

289 3083 370 3170 rati,
396 3083 554 3162 mixturas
578 3105 619 3152 ex
635 3085 727 3152 omni
740 3107 874 3176 genere
890 3083 1090 3173 herbarum,
1116 3082 1291 3168 radicum,
1318 3104 1396 3149 cor·
1496 3151 1502 3160 ,

289 3187 413 3268 ticum
438 3186 652 3256 metallorum
681 3195 859 3256 concoctos
886 3188 1072 3278 praebent3
1105 3184 1243 3274 qnidam
1270 3193 1394 3270 autem,

290 3289 360 3357 sive
376 3288 569 3380 disciplinae
583 3290 652 3358 sire
665 3290 788 3382 ingenii
801 3291 891 3377 vitio,
916 3311 1082 3382 panaceas
1101 3287 1280 3370 venditant,
1305 3311 1393 3356 nna-

292 3414 360 3482 que
373 3415 392 3462 e
405 3390 532 3483 pyxide
545 3394 695 3462 omnium
701 3393 905 3486 depromunt
912 3394 1108 3460 morborum
1120 3391 1288 3474 remedia3
1313 3391 1393 3482 qni-

291 3495 373 3562 dam
392 3517 473 3562 vero
486 3497 626 3588 magicis
643 3497 771 3565 artibus
784 3506 819 3566 et
838 3496 999 3565 credendi
1019 3495 1143 3564 liducia
1161 3495 1293 3562 divinae
1317 3495 1393 3586 opis

291 3597 453 3666 miracula
467 3598 511 3665 de
526 3600 621 3668 caelo
635 3599 820 3669 devocant:
847 3601 894 3668 sic
909 3601 1039 3668 etiame
1053 3599 1243 3668 criticorum
1256 3618 1396 3666 numero

289 3701 455 3783 nonnulli,
481 3724 549 3791 quo
564 3703 706 3794 penitius
722 3702 847 3772 menda
860 3704 1060 3794 exstirpent,
1086 3701 1233 3799 aliquam
1252 3696 1396 3773 dorido-

290 3829 357 3886 τον
379 3804 746 3898 ἑκατονταμίγματον
775 3805 975 3888 admovent3
1011 3805 1067 3872 alii
1085 3816 1202 3872 contra
1216 3807 1300 3872 'suas
1321 3803 1397 3870 lau-

290 3906 372 3974 dant
391 3905 593 3976 universales
605 3908 806 3995 medicinas,
830 3909 885 3976 vel
898 3907 1188 4000 transpositionem
1203 3907 1396 3990 verborum,

289 4009 347 4076 vel
367 4010 565 4080 eiectionem
588 4011 976 4102 interpretamentorum‚
1008 4011 1064 4078 vel
1088 4009 1397 4102 palaeographicae

290 4112 487 4180 curiositatis
514 4123 719 4206 praepotens
748 4115 951 4199 theriacum,
984 4115 1038 4182 vel
1058 4115 1085 4183 si
1106 4113 1190 4204 quid
1215 4111 1308 4180 aliud
1334 4112 1396 4179 ali-

290 4215 426 4306 qnando
442 4217 585 4285 salutare
601 4217 702 4286 fuisse
718 4219 953 4311 cognoverint3
980 4217 1034 4286 alii
1050 4217 1206 4306 denique,
1231 4216 1313 4284 belli
1328 4214 1395 4282 ho·
1525 4204 1529 4219 ’

289 4319 394 4386 mines
413 4327 448 4386 ct
468 4341 545 4387 cnm
562 4321 681 4414 lepore
700 4323 849 4411 quodam
869 4321 1093 4408 daemoniaci,
1120 4341 1302 4414 operosum
1320 4340 1396 4386 me·
1609 4329 1610 4336 ’
