2918 4890
318 288 369 348 un
391 255 726 348 ruscanrrouravs
748 287 975 362 ersvsunn
999 292 1171 353 onasus.
1228 299 1293 362 sos

72 521 78 540 ,
191 499 260 568 qno
287 475 428 546 dicimus
455 478 666 570 epigramma
692 478 806 565 edidit,
831 481 993 547 lectorem
1015 503 1082 549 non
1097 485 1205 573 possit
1226 508 1292 554 non

189 579 352 672 plane'in
378 603 528 649 errorem
553 582 733 657 abducere.
777 583 936 650 Praebuit
961 583 1018 650 ille
1045 595 1123 652 octo
1150 587 1293 655 disticha

191 683 361 774 elegiaca,
387 706 530 772 quorum
557 687 692 753 tertium
717 695 751 753 et
776 695 930 774 quartum
955 688 1081 754 lacunis
1107 687 1217 773 hiant,
1243 702 1290 774 ut,

190 787 248 874 qui
280 787 447 854 intueatur
481 788 708 879 epigramma,
745 811 813 856 nou
837 789 943 880 possit
969 789 1124 859 dubitare
1150 793 1231 881 quin
1255 794 1290 860 in

188 889 304 980 lapide
332 912 489 957 versuum
516 892 598 959 sexti
627 900 660 959 et
685 891 817 982 septimi
841 892 923 959 nihil
947 891 1008 960 nisi
1034 892 1143 981 initia,
1180 897 1289 964 octavi
1328 925 1331 932 ·

161 1006 318 1082 'paucae
344 1016 364 1060 e
390 993 504 1061 medio
531 995 681 1086 syllabae
707 995 889 1084 supersint,
923 1018 1011 1084 quae
1037 1007 1148 1064 autem
1172 1007 1286 1089 partes
1321 1036 1326 1045 ι

187 1095 310 1162 horum
334 1118 492 1164 versuum
516 1097 649 1187 punctis
674 1107 809 1164 notatae
835 1107 928 1180 sunt,
954 1121 1070 1166 earum
1092 1096 1203 1167 vacua
1224 1100 1286 1168 de·

185 1198 268 1264 tritis
297 1198 411 1266 litteris
446 1200 554 1290 spatia
587 1198 844 1290 conspiciantur.
895 1201 943 1268 At
975 1201 1114 1287 librum,
1150 1225 1193 1270 ex
1218 1226 1286 1292 quo

87 1330 97 1348 τ
188 1301 398 1393 epigramma
413 1303 509 1393 petiit
532 1301 742 1392 Welclrerus,
768 1303 796 1370 si
813 1303 887 1393 quis
903 1304 1065 1395 inspiciat,
1090 1305 1285 1374 lacunarum

185 1404 314 1471 nullum
338 1406 526 1497 vestigium,
554 1405 695 1474 disticha
720 1413 831 1475 autem
857 1427 925 1473 uon
951 1416 1041 1490 octo,
1068 1407 1129 1475 sed
1154 1417 1284 1498 septem

184 1506 339 1578 inveniet.
389 1508 505 1592 Quare
530 1510 589 1598 qui
613 1508 795 1588 Welckero
826 1509 880 1575 vel
904 1507 1040 1594 fideret,
1079 1511 1133 1577 vel
1164 1509 1282 1598 fidere,

185 1609 280 1697 quod
305 1609 410 1678 Gudii
434 1611 521 1679 libro
547 1618 693 1698 careret,
720 1619 855 1679 coactus
882 1620 985 1698 esset,
1012 1635 1079 1679 non
1104 1623 1283 1705 pentame-

183 1720 273 1778 trum
290 1722 498 1804 ‘corruptum
524 1715 713 1806 corrigere,
751 1713 812 1782 sed
841 1723 908 1781 tres
929 1728 1111 1804 numquam
1141 1717 1282 1807 scriptos

183 1837 298 1883 versus
324 1817 484 1884 resarcire
510 1817 726 1884 allaboraret:
752 1808 846 1906 quod
870 1816 901 1883 ei
922 1817 950 1884 si
968 1818 1190 1907 successisset,
1217 1841 1282 1910 po-

182 1917 279 1985 titum
306 1917 411 1985 Gudii
434 1919 521 1986 libro
546 1920 736 2010 poeniteret
759 1918 911 2010 perditae
930 1941 1066 2011 operae.

217 2026 220 2034 “
282 2019 345 2088 His
363 2022 565 2112 praemissis,
591 2021 703 2089 omnia
724 2044 812 2110 quae
824 2020 1022 2090 Welckerus
1042 2022 1087 2089 de
1109 2022 1280 2113 epigram—

181 2131 271 2190 mate
291 2123 355 2215 isto
377 2124 518 2214 scripsit,
544 2122 625 2215 ipsis
653 2123 763 2190 verbis
783 2122 933 2209 afferam,
960 2124 1165 2212 addamque,
1192 2147 1279 2213 quae

180 2225 263 2292 mibi
288 2225 456 2292 monenda
488 2225 652 2292 videntur.
706 2224 763 2293 Sic
795 2225 897 2318 igitur
923 2227 995 2294 ille:
1036 2227 1099 2295 Fr.
1137 2225 1280 2294 Hessel.
1450 2238 1453 2248 '

181 2325 312 2419 Praes.
337 2327 505 2420 Append.
523 2328 577 2394 ad
597 2327 711 2396 Gudii
726 2327 915 2419 Inscriptt.
923 2351 963 2420 p.
977 2328 1037 2400 ⁴2.
1089 2328 1157 2397 ‚De'
1174 2328 1296 2399 buius·
1416 2412 1419 2420 ,

179 2429 426 2521 inscriptionis
452 2429 611 2500 salebris
634 2450 738 2498 nemo
764 2431 933 2499 iudicare
951 2440 1091 2523 potest,
1123 2430 1194 2500 nisi
1221 2432 1281 2523 qui
1365 2502 1371 2513 ,

180 2532 362 2624 siglorum
387 2533 604 2626 aenigmata
625 2533 757 2603 litteris
781 2533 993 2602 intermixta
1015 2534 1281 2604 examinaverit

180 2635 324 2728 eiusque
343 2637 562 2705 enodandae
577 2637 783 2730 periculum
799 2636 877 2729 ipse
885 2635 1035 2729 fecerit.
1071 2636 1168 2705 Num
1194 2660 1280 2730 ope-

179 2760 249 2807 rae
275 2739 436 2832 pretium
457 2738 640 2832 facturus
671 2739 737 2824 sit,
779 2740 863 2807 nolo
896 2739 1060 2830 equidem
1091 2761 1277 2830 quaerere.

180 2842 361 2935 Lapidem
391 2843 580 2912 Hesselius
606 2842 663 2910 bis
686 2839 806 2910 verbis
835 2840 1029 2910 describit:
1056 2841 1132 2924 „In
1157 2842 1278 2928 medio

178 2953 256 3014 stat
282 2945 409 3038 imago
434 2944 621 3014 muliebris
644 2946 766 3030 nuda,
801 2967 827 3012 a
860 2953 970 3037 tergo
990 2953 1142 3037 partem
1167 2944 1278 3026 vestis

143 3130 148 3139 Ι
167 3045 304 3140 flucae
331 3050 385 3116 ad
410 3047 691 3142 interfeminium
711 3047 880 3116 trabeate
902 3049 1010 3117 laeva
1035 3070 1156 3130 manu,
1183 3049 1277 3116 dea-

179 3157 243 3216 tra
269 3151 413 3242 pectori
438 3153 542 3220 laevo
567 3153 740 3238 admota,
775 3159 811 3218 et
837 3173 947 3242 super
973 3151 1099 3218 eodem
1123 3144 1302 3218 brachio*

178 3251 318 3320 lacinia
344 3262 521 3342 exstante,
549 3255 650 3322 cuius
670 3274 769 3345 pars
794 3254 905 3321 lateri
926 3254 1059 3322 dextro
1085 3253 1276 3344 dependet,

178 3355 321 3424 ornatis
352 3357 514 3447 capillis,
558 3365 683 3425 ventre
710 3355 917 3446 prominulo
944 3366 983 3425 ut
1002 3355 1278 3448 praegnantis‚·

177 3459 244 3525 sed
277 3459 325 3526 de
349 3458 419 3525 boc
446 3460 584 3528 consuli
606 3466 761 3552 possunt
787 3458 1070 3551 inscriptiones“
1108 3457 1181 3546 (de
1206 3457 1276 3525 lroc

178 3561 321 3651 quidem
348 3561 436 3628 illae
460 3586 504 3630 ne
530 3563 599 3659 ypsi
626 3561 786 3652 quidem)
814 3561 1127 3654 „utrimquesecus
1161 3561 1277 3628 hexa-

175 3664 303 3732 metris
328 3662 492 3734 versibus
518 3662 554 3732 et
575 3663 847 3757 pentametris“
873 3665 1001 3753 (omisit
1030 3675 1065 3733 et
1084 3673 1277 3754 pentame-

176 3767 246 3835 tris
261 3767 477 3858 Welckerus)
504 3767 678 3860 „sculptis
700 3765 855 3860 infabre,
880 3791 958 3854 nec,
976 3776 1016 3836 ut
1032 3767 1188 3852 videtur,
1202 3787 1278 3834 ana

175 3870 374 3960 eademque
399 3893 526 3957 manu,
568 3870 702 3940 litteris
727 3869 997 3962 inaequalibus,
1025 3890 1163 3962 parum
1185 3869 1278 3936 inci·
1310 3940 1312 3944 ,

175 3973 249 4060 sis,
273 3971 491 4064 quibusdam
518 3974 682 4059 extritis,
709 3972 828 4042 dubiis
854 3973 1007 4064 virgula
1033 3969 1277 4042 subnotatis.“

174 4073 234 4142 De
262 4076 411 4144 diversa
443 4098 554 4143 manu
581 4076 722 4144 omnino
753 4075 887 4144 dubito.
941 4071 1118 4166 Desunoti
1150 4074 1278 4165 imago

173 4176 402 4271 inscriptioni
426 4178 596 4247 intersita
617 4189 672 4248 est
697 4178 808 4246 etiam
832 4203 866 4246 n.
883 4175 945 4249 46.
964 4172 1025 4244 51.
1054 4187 1090 4247 et
1116 4177 1211 4265 aliis,
1237 4183 1278 4243 ut

172 4279 209 4347 in
241 4281 347 4374 cippo
375 4279 600 4350 Gruteriano
621 4306 660 4375 p.
688 4279 775 4362 649,
796 4277 831 4352 6.

223 4401 344 4468 Hunni.
372 4397 439 4472 ΟΡ.
466 4399 523 4468 lV.
936 4449 938 4453 -
1041 4398 1074 4466 V
