2918 4890
386 290 812 363 HERMESIANACTIS
840 293 1008 360 ELEGI.
1177 297 1240 365 251

242 491 306 580 οιιο
326 480 362 556 δ
377 418 603 607 έχλίηνεν,“
580 511 623 556 ον
638 485 797 574 ἔξοχον”
776 510 860 581 εχρη
876 422 1065 612 ’Λπόλλοιν

163 588 216 657 90
282 557 544 712 ρι’νθροίπση
510 615 601 659 ειναι
619 582 831 707 Σωκράτη
814 615 851 660 εν
869 586 999 683 σοφίη,

240 685 385 784 Κύπρις
401 688 579 786 μηνίουσα
595 683 708 784 πυρός
723 691 840 782 μένει·
869 695 905 763 ἐκ
921 692 958 762 δὲ
972 687 1140 802 βαθείης

244 790 408 921 φυχῆς
424 793 645 888 κουφοτέρας
661 786 844 916 ἑξεπόνησ
860 789 979 879 οἰκίας,

241 893 328 967 οιίιί
343 900 376 974 ές
392 890 587 992 Ασπασίης
603 890 845 1017 πωλεόμιηος·
875 892 962 968 ου’δέ
975 923 1009 967 τι
1026 895 1163 990 τέκμαρ

292 994 392 1092 εὗρε,
420 995 534 1088 λόχων
547 992 736 1077 πολλοῖς
675 991 902 1126 νιορόχιενος
903 991 1053 1078 διόδους.

164 1097 215 1170 95
243 1099 358 1194 ἄνδρα
375 1103 588 1222 Κυρηναῖον
605 1097 638 1172 δ’
652 1103 732 1173 εἱσω
748 1094 902 1180 ποθος
882 1127 1034 1173 εσπασεν
1050 1099 1207 1192 [arpos

295 1197 476 1284 δεινός,
455 1231 499 1274 οτ
504 1199 706 1296 ἀπιδανῆς
724 1199 899 1282 Λαίδος
877 1198 1041 1297 ηρόσατο

242 1301 322 1389 όξυς
335 1303 593 1400 Ἀρίστιππος,
620 1298 827 1386 ποίσαςδΗ
805 1300 963 1403 ηνήνατο
978 1307 1103 1395 λέσχας

294 1403 434 1504 φεύγων
453 1404 655 1501 οὐδαμένον
671 1404 863 1506 ἐξεφόρησε
877 1407 955 1502 βίον.

224 1754 275 1816 89
298 1750 447 1827 Heringas
462 1748 589 1808 debetur
608 1748 741 1829 ἐχλίηνεν
757 1745 792 1818 δν
807 1769 864 1829 pro
880 1747 1086 1834 ἔχλειημένον,
1109 1749 1240 1808 Porsono

140 1843 241 1895 autem
254 1836 440 1914 rehquorum
455 1835 623 1894 emendauo
633 1855 739 1913 ‚quae
757 1856 789 1892 ιιι
804 1834 901 1896 codd
908 1811 980 1893 Veri.
996 1836 1085 1895 Laur.
1104 1835 1146 1892 sic
1169 1835 1241 1892 scri-

50 1922 53 1928 ’
138 1930 191 2001 ptr
208 1932 277 1980 sunt
285 1921 402 2000 ,ἐχρην
418 1915 589 1982 πολλῶνδ’
603 1914 778 1998 ἀνθρώπων
793 1915 917 1998 εἶναι,
908 1941 940 1978 rn
957 1915 1019 1979 Psl.
1036 1931 1066 1980 ct
1084 1919 1151 1979 edd.
1165 1929 1240 1980 vett.

139 2003 260 2091 ἐχρῆν*
277 2002 354 2068 εἶναι
371 2001 541 2068 πολλῶνδ’
557 2000 742 2087 οἶνθροόπων.
751 1997 784 2088 l¹)
1205 2026 1207 2031 ·

224 2097 275 2158 92.
299 2091 392 2150 codd
412 2091 487 2150 Ven.
505 2093 592 2150 Laur.
607 2089 803 2188 κουφοτέρας.
848 2089 909 2149 Pal.
927 2087 994 2150 εδδ.
1014 2099 1087 2150 vett.
1102 2088 1239 2170 κουροτέ-

140 2201 203 2258 ρας.
226 2170 413 2255 ξεπονησε
428 2197 490 2233 non
505 2176 683 2235 mutaverim
696 2184 822 2254 propter
837 2174 1011 2234 rnsolentrus
1025 2173 1153 2236 addila
1140 2175 1240 2254 {rc-pc

139 2265 231 2340 θείης
245 2265 356 2340 ψυχῆς.
399 2261 473 2318 Nam
495 2281 587 2337 quum
602 2281 641 2319 ex
656 2259 806 2340 profunda
816 2269 922 2338 ments
929 2259 1060 2319 leviores
1074 2280 1161 2318 curas
1178 2261 1239 2318 ela-

139 2347 263 2406 borasse
288 2348 426 2404 Socrates
447 2346 604 2422 diciturs
596 2367 627 2404 m
647 2345 694 2404 his
716 2367 783 2406 eum
800 2346 879 2406 curis
896 2333 1024 2404 rientem
1044 2365 1144 2420 suam,
1168 2346 1240 2405 alias

139 2436 172 2492 in
187 2432 277 2491 rebus
293 2430 472 2508 gravissimis
486 2441 679 2510 occupatam,
708 2432 875 2491 exercuisse
890 2429 1037 2508 significat
1049 2439 1149 2510 poeta.

225 2517 275 2582 94.
298 2518 388 2576 Recte
403 2517 473 2575 lrbrr
485 2511 574 2600 λογον
617 2508 684 2575 Hoc
704 2517 782 2576 enim
796 2517 872 2576 dicit
890 2525 998 2596 poeta,
1022 2536 1083 2575 non
1105 2515 1241 2594 potuisse

140 2603 220 2662 facto
242 2601 358 2661 finem
349 2605 484 2661 invenire
505 2605 674 2672 Socratem,
703 2623 796 2681 quum
821 2613 923 2662 tamen
948 2601 1050 2660 verbis
1072 2601 1205 2710 ubique
1209 2621 1241 2660 sc

141 2688 283 2791 expedire
303 2687 465 2747 didicisset.
509 2689 576 2747 Non
597 2688 674 2746 male
695 2689 860 2766 legeretur,
895 2681 966 2750 οόδέ
985 2709 1050 2748 σιτ
1034 2679 1205 2769 τέκμαρ
1171 2680 1240 2770 ενρ’

123 2768 247 2855 ’ὃλόχῳ
263 2769 373 2845 πολλοίς
388 2768 549 2852 ειίρομενος
566 2769 871 2844 διόδους..

226 2859 276 2924 95.
298 2858 380 2916 Libri
396 2859 477 2917 MSS.
499 2852 706 2918 omittunt6'.
749 2857 796 2916 Ex
808 2876 868 2935 quo
885 2866 1026 2961 apparet,
1049 2878 1152 2917 veram
1170 2857 1241 2916 scri

140 2952 262 3045 pturam
277 2965 357 3018 esse,
381 2964 469 3049 quam
484 2943 572 3002 ctiam
586 2943 644 3002 alia
659 2941 882 3017 commendant,
906 2938 1004 3023 όίνδρα
1017 2939 1050 3003 δὲ
1063 2947 1241 3023 Κυρηναῖον

142 3029 199 3090 ἔσω
208 3023 310 3102 πόθος
324 2991 466 3091 έόπασεν’
469 3032 589 3109 Ισθμοῦ
605 3024 711 3102 δεινός.
755 3025 861 3102 Δεινός
874 3028 1021 3087 correctio
1037 3037 1082 3088 est
1100 3027 1242 3088 Ruhnke-

141 3113 185 3172 nii
179 3134 255 3215 pro
270 3108 380 3175 δεινόν.
425 3114 483 3174 Sed
502 3116 581 3174 idem
598 3115 680 3192 quod
698 3109 858 3192 ιίπιδανῆς
863 3116 972 3172 mutari
991 3113 1118 3172 voluit
1110 3134 1140 3172 m
1160 3108 1242 3175 ειίπι-

141 3192 259 3275 θοίνης,
294 3209 376 3257 recte
398 3199 514 3258 monuit
536 3199 852 3301 Schweighaeuserus‚
876 3199 1060 3258 contrarium
1082 3197 1241 3258 dicendum

142 3283 245 3343 fuisse.
288 3283 484 3342 Scribendum
500 3277 673 3362 οίπιθόνης,
696 3304 755 3345 non
772 3283 853 3362 quod
873 3284 1042 3364 Aristippus
1058 3304 1121 3342 eam
1137 3304 1241 3359 magna

142 3367 270 3448 pecunia
285 3369 480 3442 conduxerit,
503 3371 555 3431 sed
574 3369 656 3448 quod
675 3367 784 3426 florida
797 3377 893 3428 aetate
910 3369 1042 3428 difficilis
1067 3369 1152 3428 aditu
1172 3370 1241 3440 fuit,

143 3455 182 3514 de
197 3471 302 3533 quare
316 3452 458 3532 scriptum
476 3455 557 3534 apud
571 3453 755 3512 Athenaeum
772 3453 855 3514 xffl.
873 3475 903 3558 p.
922 3459 994 3520 570.
1011 3456 1045 3513 Β.
1067 3457 1098 3515 C.
1118 3457 1190 3520 585
1209 3455 1241 3512 D.

226 3541 277 3602 98.
302 3538 358 3596 Hic
380 3557 499 3616 quoque
520 3538 732 3612 Ruhnkenius,
755 3558 849 3616 quum
875 3532 1008 3620 η’νήνατο
1029 3536 1152 3644 φεύγων
1172 3560 1242 3597 con·

141 3624 299 3701 iungebat,
320 3623 450 3702 Oppranr
461 3642 532 3682 usus
544 3625 645 3684 verbrs
660 3625 768 3704 Cyneg
782 3623 831 3682 ΙΙΙ
847 3629 917 3690 375.
936 3626 993 3687 λδ
976 3619 1085 3685 δ’ὲκ’
1065 3623 1241 3704 ανηναμένη

143 3703 241 3807 φεόγη
261 3703 437 3787 φιλοτήσιον
464 3703 569 3789 ευνιίν,
592 3731 653 3768 non
677 3709 834 3788 cogitavit,
855 3709 993 3788 frigidius
1013 3709 1094 3788 apud
1114 3709 1241 3769 Herme-

143 3794 302 3853 sransctem
319 3794 454 3854 additum
470 3795 534 3854 fore
550 3819 628 3878 φεο
630 3819 683 3858 ων
717 3795 802 3868 Quae
818 3807 993 3874 sequuntur
1018 3794 1242 3892 corruptissime

142 3879 276 3938 inlibris
296 3881 428 3959 scripta,
452 3874 668 3961 ουδαμένονίξ
671 3874 798 3963 εφόρησε
818 3882 893 3961 βίω,
915 3880 946 3938 in
966 3879 1013 3936 his
1033 3880 1087 3938 vix
1109 3879 1241 3939 dubitari

141 3973 259 4044 potest,
291 3965 363 4044 quin
382 3974 497 4046 partem
524 3968 589 4026 veri
611 3967 724 4027 viderit
749 3967 917 4041 Porsonus,
949 3984 1042 4043 quum
1062 3965 1191 4026 coniecit
1210 3965 1242 4040 ἐξ

143 4140 352 4155 *—

144 4253 244 4377 anlp
256 4250 350 4325 Ἐχρη
375 4251 492 4308 etiami.
511 4253 543 4307 C.
561 4253 676 4308 Orellius
694 4253 764 4325 apud
780 4253 939 4319 Webesuus,
968 4257 1029 4306 ante
1046 4192 1118 4304 criits
1134 4251 1243 4306 Petroni
1298 4232 1301 4239 ’

195 4341 210 4376 c
245 4340 318 4378 sues.
