2918 4890
185 277 251 341 η
551 254 929 334 nnnnuirrones

187 485 291 558 quum
309 461 467 554 plerique
481 458 559 529 iibri
571 455 664 554 ὑπὲρ
678 454 862 555 Εὐρύτου
879 457 973 558 παρ’
988 459 1122 553 ὄχθαις
1135 461 1296 555 habant,

186 588 302 637 veram
322 564 523 656 scripturam
546 585 620 631 esse
648 563 800 632 existimo
826 559 888 638 ἐπ’
908 557 1092 658 Εὐρώταο
1117 571 1295 666 ῥεέθροις.

185 671 268 739 Eius
284 677 319 737 et
341 665 433 760 ὑπὲρ
453 675 489 734 et
507 659 612 761 nnpd
632 666 812 761 explicatio
833 678 896 742 est.
947 668 1022 736 Nec
1035 671 1195 761 profecto
1214 685 1296 769 apte

187 773 254 842 dici
270 770 382 866 potuit
400 768 577 838 subuudia
592 768 743 839 Eurotae
754 772 881 840 morari
895 771 1039 841 Helena.
1301 770 1305 775 ’

288 873 331 943 V.
352 869 440 945 ³59.
466 873 595 942 scribet

236 1021 292 1124 μη
309 1025 439 1122 trencin
456 1017 647 1118 yordcvcoc
664 1019 725 1096 ἐπ’
738 1018 922 1121 Εὐρώταο
940 1026 1106 1122 ῥεέθρων

237 1132 439 1228 νηχομένην
454 1121 632 1222 ἐκάλυψεν
648 1122 876 1232 ὑποβρυχίην
889 1154 930 1202 οι
943 1124 1090 1225 γαλήνη.

184 1284 232 1354 Et
246 1281 377 1379 διιρῶν
390 1279 529 1370 quidem
546 1278 723 1348 Graefium
737 1303 876 1372 quoque
890 1283 1076 1352 correxisse
1091 1281 1211 1368 video,
1237 1285 1297 1372 qui

185 1388 288 1457 etiam
303 1379 364 1460 ἐπ’
386 1383 422 1453 iu
443 1377 508 1456 ὑπ’
526 1384 699 1473 mutabat,
724 1406 795 1452 uon
808 1385 910 1473 male,
940 1385 1005 1460 sed
1018 1396 1159 1478 praeter
1174 1409 1296 1455 neces-

185 1493 333 1574 sitatem,
360 1496 395 1555 et
408 1487 516 1555 minus
531 1497 680 1555 venuste.

286 1592 407 1678 iniis,
441 1612 530 1681 quae
558 1612 590 1657 ν.
621 1587 708 1657 363.
732 1612 828 1680 seqq.
852 1589 1105 1660 mendosissime
1125 1592 1296 1684 leguntur,
1361 1594 1364 1598 ’

186 1696 338 1790 quamvis
359 1693 549 1764 acutissima
569 1692 611 1761 sit
635 1693 766 1763 Graeiii
787 1693 995 1781 emendatio,
1022 1705 1135 1769 tamen
1153 1720 1195 1766 ea
1213 1696 1296 1765 mihi

186 1822 264 1890 uon,
284 1809 321 1870 ut
333 1798 411 1892 ipsi,
430 1795 614 1867 certissima
625 1795 773 1869 videtm.
794 1798 885 1867 Nam
897 1821 1003 1888 quum
1017 1799 1064 1868 ita
1076 1800 1177 1869 scribi
1189 1800 1296 1886 iubet,

737 1945 973 2024 α’νανλίναοκι
994 1951 1032 2024 δὲ
1048 1945 1172 2048 despair

240 2053 374 2136 donoc,
398 2051 493 2141 ἐπεί,
520 2045 705 2126 θανάτοιο
721 2055 947 2147 συνέμπορος
963 2055 1062 2151 εἴπερ
1079 2049 1236 2154 ἐτύχθη,

136 2157 187 2228 22
239 2154 375 2254 α’μφίς,
403 2151 579 2255 α’ναχιιαίη
595 2149 719 2251 ξυνήϊα
737 2150 859 2231 πάντα
875 2149 1057 2246 λαχόντα,

238 2264 325 2358 ἔργα
342 2261 603 2356 παλαιοτέροιο
618 2252 853 2358 κασιγνήτοιο
872 2253 1032 2344 διώκειν,

185 2415 333 2510 primum
355 2412 551 2504 impeditior
578 2410 664 2479 haec
688 2420 854 2483 snnctura
877 2413 1060 2481 verborum
1079 2423 1157 2493 est,
1191 2437 1296 2507 quam

186 2540 255 2609 qua
270 2516 339 2585 hoc
355 2538 464 2607 genus
481 2521 658 2605 poetarum
678 2516 726 2582 uti
747 2516 851 2600 soiet3
879 2515 1002 2583 deiude
1018 2526 1131 2586 autem
1143 2513 1296 2595 οἷναιιλί-

187 2646 311 2701 ναοιιι,
338 2640 426 2708 qnae
451 2617 546 2686 verbi
571 2618 682 2685 forma
705 2617 1041 2708 frequentativum,
1067 2621 1228 2691 abhorret
1249 2623 1296 2690 ab

186 2724 284 2793 huius
297 2722 364 2791 loci
376 2721 515 2793 ratione.
569 2720 685 2806 Quare
700 2721 801 2807 mihi,
827 2744 1009 2811 quaecum
1027 2723 1095 2792 hoc
1116 2725 1295 2817 participio

188 2825 417 2897 cohaerebant
438 2824 561 2911 verba,
587 2824 894 2897 deesse‘videntur.
947 2825 988 2894 ln
1008 2826 1046 2895 iis
1068 2837 1184 2897 autem
1206 2847 1295 2918 qnae

188 2937 391 3021 sequuntur,
418 2927 443 2996 si
461 2937 598 3019 praeter
618 2930 737 3023 εἴπερ,
766 2929 858 3019 quod
879 2938 973 2997 recte
992 2953 1013 2996 a
1033 2930 1173 3000 Graeiio
1194 2933 1295 3000 resti-

185 3043 313 3119 tutum,
339 3031 556 3123 participium
572 3030 672 3098 duale
685 3042 887 3122 reponatur,
914 3032 1026 3101 omnia
1037 3036 1142 3127 plana
1155 3044 1241 3103 sunt.

240 3181 350 3264 ὕπνος
366 3179 442 3256 ἐπεὶ
458 3174 639 3255 θανάτοιο
659 3184 884 3280 συνὲμπυρος
899 3186 999 3280 εἴπερ
1017 3179 1174 3286 ἐτύχθη,

240 3284 351 3380 ἄμφω
370 3279 545 3382 α’ναχιιαίη
561 3279 685 3382 ξυνήϊα
700 3281 824 3361 πάντα
839 3281 993 3377 λαχόντε

240 3391 327 3487 ἔργα
343 3389 603 3484 παλαιοτέροιο
618 3384 851 3484 κασιγνήτοιο
870 3384 1021 3474 διώκειν.

188 3543 346 3628 Dixerat,
380 3540 442 3611 nisi
463 3540 579 3629 fallor,
612 3543 833 3614 Hermionam
858 3566 978 3615 somno
1000 3567 1203 3637 oppressam
1224 3554 1295 3613 tam

189 3648 276 3731 alto,
302 3655 339 3713 ut
358 3644 386 3715 si
409 3653 541 3712 mortua
563 3655 668 3732 esset,
701 3648 851 3716 iacuisse.
903 3649 1004 3716 Nunc
1025 3647 1136 3716 addit:
1163 3671 1241 3717 nam
1266 3647 1295 3717 si

190 3752 337 3821 Somnus
366 3770 481 3816 comes
501 3747 624 3817 Mortis
647 3757 713 3833 est,
739 3733 858 3819 arados
882 3760 1035 3842 oportet,
1062 3752 1174 3819 omnia
1197 3774 1294 3819 com-

190 3853 300 3921 munia
318 3861 454 3937 nactos‚
481 3851 614 3918 maioris
628 3850 738 3920 fratris
754 3853 867 3924 facere
881 3854 1004 3929 officia.

290 3953 332 4022 V.
349 3949 433 4022 375.
456 3954 557 4023 Hunc
570 3977 705 4022 versum
717 3978 785 4024 non
802 3979 862 4025 suo
879 3956 957 4024 ioco
972 3956 1041 4050 legi
1057 3965 1213 4077 apertum
1230 3964 1292 4028 est.

189 4059 311 4149 Neque
323 4056 404 4124 iliud
422 4057 561 4127 dubium
574 4057 722 4145 videtur,
749 4059 820 4127 eius
836 4060 913 4129 loco
929 4060 1023 4128 aliud
1036 4058 1118 4150 qurd
1131 4060 1294 4151 scriptum

189 4162 299 4231 fuisse.
353 4159 432 4228 Hoc
447 4183 528 4229 vero
542 4161 681 4244 mirere,
709 4162 801 4252 quod
816 4185 882 4231 nou
898 4163 1205 4232 animadverterunt
1218 4162 1294 4230 W.

187 4264 441 4334 DI).istoversu
454 4265 704 4355 perorationem
713 4266 813 4335 totius
828 4266 983 4336 carminis
989 4266 1147 4359 incipere.
1177 4265 1295 4352 Quare
