2918 4890
166 250 211 313 4ο
507 244 565 302 uu
601 242 871 302 rau'slct'ta
893 236 940 302 ἂν

166 429 408 531 ἀντεβόλησας
414 490 429 523 ,
463 433 524 503 sed
544 434 632 503 maie
652 433 686 499 in
707 454 749 499 eo
762 454 862 501 versu
883 432 941 521 qui
964 431 1028 501 hos
1048 434 1199 522 requitur
1221 436 1272 502 sie

166 539 373 607 scribebant:

268 718 362 797 α’λλιὲ
374 751 414 796 νε
426 728 526 796 κεῖνα
537 717 698 816 μάλιστα
716 717 802 797 ι’δοῖν
816 716 1016 818 ἑτεθήιιεαι
1031 722 1152 816 θυμῷ.

166 911 353 1001 Vtrumque
378 913 413 979 in
436 920 609 1003 postrema
631 909 777 978 editione
801 909 931 1000 recepit
951 909 1104 981 Wolfius.
1155 909 1273 1003 Vulgo

167 1008 372 1108 ἐτεθήπεα,
407 1037 449 1081 ex
478 1012 546 1082 0d.
574 1024 600 1099 ζ.
630 1010 715 1079 166.
743 1024 781 1079 ut
803 1014 934 1103 opinor.
985 1014 1052 1080 Atii
1076 1007 1272 1104 ἐτεθήπεα,

168 1116 224 1182 alii
238 1110 396 1209 θηήσαο,
410 1139 512 1205 quarn
529 1140 642 1184 reram
658 1117 856 1206 scripturam
872 1137 946 1181 esse
959 1116 1014 1180 rix
1029 1116 1104 1180 sinit
1117 1114 1272 1182 dubitare

168 1219 476 1301 similituninem,
502 1218 570 1288 Od
584 1226 614 1291 λ.
630 1215 719 1285 415.
732 1241 827 1309 seqq.
879 1215 984 1284 Aliud
1000 1228 1197 1307 corruptum
1214 1242 1273 1287 er-

169 1321 320 1413 emplum
334 1322 497 1391 invenitur
513 1318 582 1387 Od.
597 1327 625 1400 ξ.
639 1315 726 1385 162.

269 1502 421 1594 τοῦμὲν
436 1500 634 1596 φθίνοντος
646 1497 777 1600 μηνός,
801 1501 872 1575 τοῦ
888 1499 924 1574 δ’
941 1505 1170 1594 ἱσταμένοιο,

272 1607 394 1676 οἴκαδε
408 1600 594 1700 νοστήσει,
619 1606 680 1679 nat
700 1605 860 1692 τίσεται,
887 1603 926 1683 ὅς
940 1634 1000 1676 νεν
1014 1607 1149 1677 ἐκείνου

271 1699 402 1780 ἐνθάδ’
420 1703 589 1801 ἀτιμάζει
605 1707 739 1797 ἄλοχον
756 1706 817 1777 καὶ
834 1707 1011 1801 paldmot
1026 1701 1118 1779 υἱόν.

167 1891 237 1964 nie
249 1900 309 1961 out
318 1886 476 1988 α’τιμοῖζῃ
487 1893 711 1981 scribendum,
730 1888 799 1978 int,
817 1903 948 1961 serrato
961 1893 1150 1981 indicativo,
1164 1892 1272 1984 ὅςτις,

168 1994 265 2087 quod
278 1997 334 2064 alii
346 1995 422 2064 libri
435 1995 572 2063 habent.

272 2099 345 2169 Sed
359 2099 436 2167 nafis
455 2098 498 2167 de
517 2099 587 2187 his,
610 2123 698 2190 quae
717 2099 799 2167 ferri
815 2108 994 2189 nequeunt.
1045 2100 1165 2166 Dicam
1184 2122 1274 2167 nune

170 2201 216 2270 de
235 2202 299 2270 illis
319 2201 451 2271 duobus
476 2202 604 2288 modis,
630 2226 716 2292 quos
737 2225 839 2294 supra
854 2203 968 2269 monui
987 2203 1107 2268 rationi
1126 2224 1195 2269 nou
1214 2226 1273 2269 re-

168 2327 344 2398 pugnare,
377 2305 405 2371 si
429 2305 559 2392 possint
585 2305 746 2395 exemplis
774 2305 972 2371 confirmari
1031 2304 1160 2371 Eomru
1179 2307 1275 2395 prior

170 2416 244 2475 erat
268 2407 313 2485 is,
344 2415 382 2472 ut
408 2406 444 2470 in
467 2407 654 2473 narratione
676 2407 726 2473 rei
746 2405 904 2473 fortuitae
930 2407 1214 2493 quemadmodum
1239 2408 1275 2475 iu

169 2508 379 2601 praeteritis,
404 2506 451 2572 sic
472 2508 572 2573 etiam
590 2530 666 2577 oum
686 2510 868 2597 praesentis
889 2509 1068 2576 indicativo
1086 2510 1276 2600 coniunge-

170 2607 330 2682 returoir.
380 2607 506 2677 Fateor
518 2632 610 2696 vero,
636 2610 763 2678 nullum
781 2610 863 2677 mihi
876 2614 1067 2702 exemplum
1080 2613 1276 2698 occurrisse,

170 2712 266 2803 quod
280 2712 374 2781 huuc
396 2734 494 2780 uuum
512 2714 558 2780 ita
576 2714 706 2797 firmet,
739 2722 869 2780 utnon
888 2723 947 2781 out
968 2723 1184 2804 corruptum,
1216 2723 1276 2782 out

172 2816 289 2884 saltem
312 2826 507 2906 suspectum
520 2815 680 2887 rideatur.
732 2815 804 2883 Sed
823 2816 1108 2904 quemadmodum
1127 2827 1275 2885 temera·

170 2919 237 2985 rius
262 2926 368 3002 esset,
395 2918 453 3005 qui
474 2917 582 2986 dubiis
602 2919 765 3009 exemplis
786 2918 988 3005 confideret,
1013 2920 1061 2985 ita
1076 2940 1145 2986 non
1166 2919 1274 2987 minus

170 3019 413 3087 inconsiderate
436 3030 569 3109 ageret,
596 3021 654 3108 qui
677 3043 763 3108 quae
786 3044 854 3088 non
877 3029 935 3088 aut
954 3022 1053 3089 certis
1084 3032 1142 3088 aut
1162 3021 1274 3088 moltis

172 3122 332 3211 exemplis
347 3123 567 3211 comprobata
582 3122 727 3202 videret,
753 3146 797 3190 ne
823 3146 925 3214 posse
950 3123 1088 3213 quidem
1108 3123 1176 3191 dioi
1190 3144 1275 3190 oon-

172 3223 335 3295 teuderet.
385 3223 489 3316 Apud
503 3224 691 3295 Homerum
705 3225 799 3295 Iliad
818 3236 846 3308 ξ.
861 3224 948 3293 484.
963 3227 1102 3319 legitur:

665 3413 719 3506 τῷ
731 3410 792 3484 κατ’
802 3414 844 3485 κε’
853 3439 909 3493 τις
927 3411 1072 3501 εὔχεται
1087 3406 1179 3509 ἁνήρ

276 3507 414 3609 γνωτόν
429 3513 481 3586 ἑνὶ
493 3506 709 3611 μεγάροισιν
724 3510 812 3611 doris
827 3511 986 3611 α’λιιτήρα
997 3518 1181 3589 λιπέσθαι.

174 3700 252 3767 Non
267 3700 365 3769 facile
383 3699 470 3768 haee
486 3701 661 3789 quisquam
674 3701 957 3792 reprehenderet,
984 3703 1011 3769 si
1030 3705 1171 3770 verbum
1187 3711 1276 3770 esset

174 3804 335 3891 temporis
351 3802 530 3893 praeteriti.
582 3803 708 3871 Verum
724 3805 785 3871 etsi
802 3803 888 3871 haec
911 3813 962 3870 est
976 3805 1216 3894 plerorumque
1232 3806 1276 3871 li·

175 3904 314 3971 brorum
332 3906 513 3995 seriptura‚
537 3914 651 3973 tamen
664 3905 747 3972 nihil
769 3907 801 3972 ei
819 3906 1031 3973 tribuendum
1046 3917 1105 3975 est.
1158 3907 1275 3976 Omis-

177 4000 367 4077 trimestre
384 4007 418 4072 iu
441 4006 558 4074 codice
579 4007 671 4098 apud
687 4007 878 4092 Gladium,
903 4010 1089 4098 omittitque
1109 4011 1143 4077 in
1164 4010 1276 4100 expli-

178 4110 307 4177 catione
333 4109 397 4175 iooi
421 4108 614 4178 Eustathius
636 4134 671 4201 p.
702 4107 795 4195 998,
827 4108 888 4182 41.
914 4108 1025 4200 (995,
1051 4108 1135 4201 15.)
1188 4112 1275 4179 Cod.

177 4211 267 4281 Vrat.
289 4212 448 4283 dautem
470 4211 573 4291 habet
591 4212 643 4299 id,
670 4211 764 4301 quod
782 4222 819 4282 ut
843 4223 877 4284 et
901 4214 1131 4285 consuetudini
1151 4223 1276 4306 poetae
