2918 4890
542 273 1271 346 nin.1v.cal².8.185

162 459 314 556 λοτέρυυ
333 455 588 560 ἀλγεινότερον
609 464 934 559 καταπεσούμενοι
986 466 1075 534 Nam
1098 466 1135 535 id
1155 466 1253 537 est
1224 497 1270 550 ας

161 561 502 659 καταπεσούμενοι,
543 562 852 663 ἀλγεινότερον
826 596 872 641 αν
905 563 1170 651 καταπεσόντες
1198 568 1268 666 αφ’

161 663 402 764 ύψηλοτεᾛρου
455 669 671 758 Quamquam
691 672 805 740 nescio
830 694 874 739 an
896 673 1161 790 comparativam
1184 674 1269 742 illud
1351 704 1359 745 .·

162 795 207 848 ως
223 768 270 841 66
288 771 434 861 quadam
448 773 680 865 negligentia
671 797 704 842 ιιι
720 776 808 842 vitae
825 775 1011 842 communis
1026 797 1088 844 usu
1109 777 1209 843 etiam
1224 777 1269 846 de

122 931 125 934 .
161 894 201 946 re,
215 880 306 940 certa
324 875 451 942 dictum
465 876 558 963 sit,
549 900 583 943 ιιι
600 900 667 967 qua
680 876 899 945 omittendum
914 876 1027 944 erat''
1002 906 1058 951 αν.
1111 879 1157 946 Vt
1175 880 1269 971 apud

162 974 319 1044 eumdem
339 977 531 1070 Contempl.
547 980 574 1046 1
591 1003 627 1071 p
643 978 730 1047 488.
757 973 957 1074 ξεναγήσεις
970 972 1040 1073 γύρ
1058 977 1099 1053 εύ
1118 977 1190 1054 οἶδ’
1207 980 1269 1055 ὅτι

161 1103 208 1168 με
232 1081 545 1174 ξυμπερινοστύν,
572 1079 617 1161 σός
637 1081 683 1154 66
707 1077 854 1162 εἰδοῖς
829 1109 985 1155 απαντα.
1036 1085 1216 1152 Pansamas
1238 1085 1267 1154 1

162 1177 223 1264 21,
236 1179 308 1254 8.‘'
289 1209 417 1264 ιππυυς
432 1178 599 1264 nands
577 1210 725 1264 εκαστος
739 1186 881 1280 τρέφει,
908 1212 953 1265 ως
967 1183 1108 1258 ἄνοῦτε
1122 1191 1155 1266 ές
1168 1190 1267 1259 ι’διυι-
1290 1235 1300 1256 .
1369 1212 1371 1219 ’

139 1283 235 1354 Ιτυῖν
260 1279 407 1381 κλήρους
429 1286 493 1413 της
520 1286 582 1382 γῆς
601 1291 887 1411 μεμερισμένης,
920 1284 1007 1359 ούτε
1029 1315 1067 1359 τι
1092 1284 1269 1386 φερούσης

68 1429 70 1432 v
161 1378 254 1480 πλην
277 1384 410 1483 ύλης’
385 1389 535 1517 αγρέας,
563 1386 628 1460 ἅτε
636 1386 763 1516 ὄντων
790 1382 968 1480 νομύόοιν.
1020 1389 1267 1509 Demosthenes

161 1512 196 1579 p.
189 1488 296 1576 .,519
307 1489 367 1563 16.
385 1517 445 1562 και
438 1486 628 1587 θόρυβον
643 1490 701 1562 καὶ
715 1484 1032 1586 κρότυντοιούτον
1044 1489 1088 1572 υύς
1103 1491 1149 1563 66
1165 1494 1267 1566 ε’παι·

162 1590 309 1672 νυύντές
328 1621 369 1666 τε
398 1621 458 1666 και
450 1593 764 1723 ρυνησθέντες’
746 1587 946 1683 επυιῆσατε.
1002 1594 1039 1661 P.
1062 1591 1174 1684 1352,
1206 1595 1266 1665 27.

161 1692 222 1763 καὶ
242 1697 407 1768 συνέπινε
434 1696 494 1768 καὶ
524 1695 787 1823 συνεδείπνει’
769 1694 936 1768 εναντέον
957 1696 1099 1768 πολλῶν
1122 1646 1267 1795 Νέαιρα

162 1791 256 1893 αὕτη
281 1795 325 1876 οἱς
352 1796 397 1869 66
421 1797 550 1895 ἑταίρα
577 1794 869 1870 υύσα.11οοι1ιιε
894 1797 1049 1865 omisit
1025 1825 1070 1870 αν
1095 1800 1129 1868 in
1148 1800 1267 1870 iisdem

161 1899 322 1991 verbisp.
337 1898 496 1990 135119.
524 1899 683 1986 1354,.8
711 1899 973 1988 1361,16.2‘6.

265 2000 446 2073 Caeterum
459 2029 527 2074 non
539 2005 653 2073 inutile
667 2003 767 2071 fuerit
781 2002 959 2090 monuisse,
985 2026 1098 2072 errare
1113 2005 1170 2094 qui
1184 2028 1267 2097 par·

160 2103 310 2196 ticipinm
323 2130 401 2174 cum
414 2107 460 2180 66
468 2109 617 2176 iunctum
631 2130 733 2198 saepe
747 2106 829 2174 nihil
842 2105 934 2172 aliud
948 2128 1021 2174 esse
1033 2116 1153 2198 putant
1166 2131 1267 2198 qnam
1306 2098 1307 2102 ¹

162 2208 197 2277 εἰ
207 2229 284 2275 cum
302 2209 408 2277 verbo
421 2211 515 2279 finito
531 2210 767 2301 compositum.
819 2210 909 2276 Nam
923 2209 1010 2276 haec
1025 2232 1094 2277 non
1113 2219 1165 2277 est
1184 2233 1268 2302 par-

161 2310 283 2378 ticulae
307 2312 374 2397 vis,
408 2313 504 2381 sed
493 2313 597 2406 ipsius
623 2312 845 2409 participii
813 2313 913 2380 etiam
933 2313 1074 2382 carentis
1091 2313 1266 2406 particula.

161 2410 208 2479 Vt
222 2413 316 2503 quod
330 2416 428 2485 estin
445 2415 535 2486 Oed.
548 2417 593 2489 R.
610 2413 698 2488 446.

266 2565 438 2652 συθεέςτ’
455 2567 524 2660 66,
552 2565 616 2644 066
634 2569 679 2644 66
696 2561 864 2663 ύλγύναις
878 2540 1008 2658 πλέον,

162 2718 229 2787 (11ο1
243 2721 380 2809 quidem
395 2724 518 2815 potuit,
544 2726 580 2796 εἰ
591 2722 750 2820 συθεέης,
777 2720 839 2789 sed
854 2743 922 2788 non
936 2728 1078 2812 propter
1090 2717 1156 2795 ἄν·
1182 2745 1267 2814 pos·
1314 2789 1320 2802 ,

162 2830 213 2889 set
234 2825 323 2894 enim
346 2827 448 2894 etiam
471 2827 499 2894 si
524 2827 657 2895 abesset
680 2823 746 2913 66,
774 2823 867 2913 quod
890 2832 940 2891 est
959 2832 1101 2915 propter
1126 2825 1268 2894 alterum

162 2923 208 2996 66
224 2929 380 3018 positum.
407 2930 526 3020 Itaque
539 2929 612 2998 fere
623 2929 682 2997 nbi
694 2927 872 3020 participio
888 2927 1039 2994 iunctum
1052 2935 1102 2994 est
1115 2924 1176 3016 ἄν,
1203 2927 1267 2996 ad·
1288 2972 1289 2977 κ

162 3028 268 3097 ditum
284 3041 335 3099 est
349 3032 449 3101 etiam
464 3034 592 3117 verbo,
614 3031 709 3122 quod
731 3053 809 3099 cum
825 3030 883 3097 illo
897 3028 1076 3121 participio
1097 3030 1266 3100 cohaeret
1304 3100 1305 3104 ,

163 3131 267 3215 Quod
287 3135 314 3202 si
342 3135 453 3224 (11οεε,
481 3133 605 3216 συθείς
629 3133 696 3224 66,
723 3129 788 3206 υύκ
812 3127 973 3226 οἷλγυνεῖς
992 3133 1122 3212 πλέον,
1149 3135 1211 3202 erit
1231 3134 1268 3202 id

161 3234 359 3306 inconcinne
379 3236 553 3326 dictum,
556 3239 723 3326 quianon
746 3237 823 3304 satis
848 3234 1028 3302 commode
1051 3235 1134 3303 solvi
1153 3242 1268 3327 potest

161 3336 197 3403 in
220 3337 409 3436 συθεύης“’
383 3368 450 3428 αν,
477 3340 538 3412 καὶ
559 3335 622 3412 ούκ
645 3335 939 3431 ύλγυνεΐςπλέον.
992 3338 1051 3406 Sic
1074 3338 1169 3429 apud
1192 3341 1267 3408 An-
1346 3363 1353 3374 “

162 3439 402 3535 tiphontemp.
431 3396 518 3511 612.
542 3442 660 3510 Reisk.
677 3434 756 3530 (.54
773 3434 809 3534 §.
826 3435 886 3505 16.
900 3438 1030 3532 Bekk.)
1050 3463 1154 3529 qnam
1168 3442 1267 3535 liege-

161 3551 269 3631 retnr‚
296 3538 384 3617 ελων
400 3541 501 3618 δαν
522 3537 683 3626 demtum
696 3570 744 3636 με
762 3539 992 3630 ἀποκτεῖναι,
1018 3544 1155 3610 mallem
1170 3542 1268 3614 Bek-

161 3645 263 3714 kerns
280 3643 448 3735 ύξιιόσαις
461 3647 624 3734 dedisset,
650 3658 717 3736 quo
733 3645 827 3714 ducit
843 3643 967 3714 codicis
985 3647 1080 3714 unius
1101 3646 1269 3738 scriptura

163 3744 330 3845 υἱξιύσης,
367 3775 470 3842 quam
495 3744 748 3821 contra'omnes
773 3748 878 3835 libros
900 3757 1061 3817 mutasset
1082 3747 1127 3824 66
1150 3750 1185 3818 in
1211 3747 1267 3824 αὖ.

163 3851 243 3935 Quo
263 3853 382 3922 clarius
398 3878 453 3924 res
473 3863 608 3947 pateat,
633 3863 708 3921 utar
732 3851 790 3921 illo
812 3851 966 3920 Isocratis
987 3874 1023 3943 p.
1044 3847 1148 3925 5.D.
1173 3855 1268 3943 quod

161 3955 248 4021 infra
263 3956 362 4023 aliam
384 3958 429 4026 ob
446 3969 599 4027 cans'sam
612 3954 825 4025 afferendum
840 3954 920 4023 erite
947 3952 972 4026 6
989 3958 1066 4034 τοῖς
1081 3951 1246 4038 ἄλλοις
1220 3985 1267 4041 αν

73 4117 78 4129 .
162 4051 389 4152 πράττουσιν
404 4055 610 4157 ἐπιτιμῴης.
661 4057 752 4127 lds1
770 4081 817 4126 sne
831 4058 1070 4141 mutavens‚
1054 4055 1079 4128 6
1098 4065 1175 4141 τοῖς
1197 4058 1267 4132 ἄλ-

161 4162 237 4240 λοις
262 4155 495 4268 πρύττουσιν
517 4159 709 4259 ἐπιτιμᾷς,
743 4169 793 4230 est
820 4159 932 4246 id,
906 4189 931 4232 α
953 4165 1028 4241 τοῖς
1061 4157 1200 4252 ἄλλοις,
1234 4163 1270 4235 εἰ

161 4255 406 4360 πράττουσιν,
443 4263 619 4360 ἐπιτιμᾷς.
671 4265 765 4334 Pone
790 4264 944 4333 autem
927 4291 951 4335 α
974 4268 1051 4344 τοῖς
1071 4261 1246 4343 ἄλλοις
1220 4290 1267 4339 αν
