2918 4890
40 200 44 207 ,
169 264 213 327 54
250 344 255 353 ι
504 256 561 316 DE
597 248 940 318 unnulcvnslv

267 448 400 516 Eadem
412 446 496 514 ratio
512 456 561 514 est
574 447 814 537 particularum
829 444 997 529 finalium,
1023 452 1061 511 nt
1079 441 1179 542 ὄφρα
1181 501 1194 534 ‚
1223 443 1283 536 ῶς,

166 552 282 640 ὅπως,
310 557 380 623 ἵνα.
432 549 675 642 Aristophanes
692 550 825 622 Eccles.
844 545 931 620 151.

268 729 473 831 ἐβουλόμην
498 739 567 829 μέν
593 742 718 832 ἕτερον
745 734 792 809 οἷν
816 735 890 808 τῶν
917 728 1067 832 liutoldus

270 842 386 934 λέγειν
412 833 462 912 voi
486 835 677 932 βέλτισθ’,
705 835 754 913 ἶν’
782 832 971 936 ἐκαθήμην
998 835 1138 936 ἥσυχος.

167 1009 255 1079 Vide
275 1008 380 1100 Vesp.
405 1005 493 1082 961.
546 1009 635 1078 lllnd
658 1008 859 1094 notandum,
892 1007 981 1076 hanc
1000 1010 1284 1078 constructionem

168 1112 338 1183 indicativi
356 1111 427 1181 sine
448 1113 612 1204 particula
632 1111 678 1185 ἄν
698 1112 742 1181 de
757 1135 852 1181 more
872 1111 1045 1202 usurpari,
1072 1113 1130 1180 ubi
1152 1123 1284 1202 senten·

167 1217 214 1284 tia
227 1215 442 1309 plincipalis‚
465 1217 535 1285 sive
551 1216 666 1284 addito
684 1214 750 1302 οἶν,
777 1217 846 1284 sive
866 1238 933 1283 non
954 1213 1088 1294 addito,
1116 1216 1284 1285 conditio-

169 1344 247 1404 nem
256 1342 324 1388 non
336 1319 511 1412 impletam
520 1320 676 1406 continet,
693 1328 731 1386 ut
744 1319 836 1412 apud
847 1318 1056 1408 Aeschylum
1069 1319 1184 1392 Prom.
1194 1318 1282 1394 746.

273 1535 310 1579 τι
304 1501 424 1601 ’δην
453 1505 535 1597 ἐμοὶ
563 1505 623 1594 ζῆν
649 1507 785 1600 κέρδος,
812 1501 894 1579 α’λλ
921 1501 986 1578 οὐκ
1013 1509 1052 1579 ἑν
1077 1501 1182 1597 τρέχει

275 1604 400 1706 ἔρριψ’
427 1602 589 1704 ἐμαυτήν
615 1606 715 1706 τῆςδ’
738 1603 813 1680 dud
839 1603 1002 1731 στύφλου
1023 1611 1168 1733 πέτρας,
1287 1661 1289 1665 «

275 1709 369 1791 ὅπως
395 1713 489 1806 πέδῳ
517 1706 685 1808 σκήψασα
711 1712 785 1784 τῶν
810 1705 957 1785 πάντων
983 1705 1104 1786 πόνων

274 1807 503 1913 α’πηλλολγην,

38 1952 40 1957 ¹
171 1985 340 2076 Exempla
357 1984 525 2074 quaedam
544 1983 638 2052 dedit
653 1982 819 2053 Matthiae
832 1984 868 2052 in
880 2007 934 2076 gr.
951 1982 1013 2056 Gr.
1038 1977 1074 2078 §
1099 1978 1187 2058 520.
1213 1994 1283 2057 not.

172 2083 208 2162 5.
232 2091 290 2179 qui
312 2097 425 2156 tamen
443 2111 555 2179 neque
575 2088 693 2180 Eurip.
716 2087 847 2160 Phocn.
869 2086 958 2160 213.
981 2087 1104 2155 afferre
1126 2086 1284 2174 debebat,

173 2215 241 2284 quo
255 2193 290 2260 in
311 2192 389 2260 loco
406 2197 466 2262 ἵνα
488 2214 557 2260 non
574 2199 635 2277 ut,
663 2191 724 2260 sed
747 2190 1007 2283 coinguinat,
1033 2213 1144 2280 neque
1166 2192 1285 2259 Plato-

72 2336 79 2350 ·
173 2298 223 2364 nis
237 2296 374 2363 locnm
365 2319 398 2362 m
412 2293 587 2362 Menone
578 2304 625 2361 ita
642 2303 833 2363 truncatum
849 2317 1041 2386 apponere,
1067 2304 1106 2361 ut
1119 2295 1217 2362 Plato
1233 2296 1286 2362 le-

174 2398 331 2491 gentibus
359 2397 473 2483 aliter,
499 2419 601 2487 quam
624 2398 721 2482 licet,
754 2399 911 2487 loquutus
932 2397 1092 2469 videatur
1146 2397 1286 2490 Integer

173 2504 273 2569 locus
280 2498 337 2566 lnc
354 2508 452 2590 cstp.
469 2496 530 2570 89.
545 2499 588 2571 Β.
606 2527 664 2569 και
678 2527 804 2593 γαραν
821 2528 893 2573 που
907 2528 966 2571 και
958 2494 1098 2572 cod
1075 2520 1135 2601 ην
1163 2502 1199 2572 εἰ
1215 2494 1287 2596 φιλ·

175 2629 231 2675 σοι
247 2607 284 2673 οἱ
299 2596 483 2724 α’γαθρὶ’
465 2599 671 2694 εγίγνοντο,
698 2596 790 2698 ἦσέν
811 2629 882 2676 που
898 2601 944 2675 oio
958 2599 1045 2700 ημῖν
1061 2608 1102 2675 οἳ
1119 2607 1287 2695 ἐγίγνωσ-

173 2731 237 2777 κον
260 2703 335 2777 τῶν
355 2697 445 2777 νειέν
467 2698 554 2785 τούς
563 2699 741 2836 ἁγαθρνς
765 2733 831 2785 τας
855 2699 998 2800 φύσεις·
1031 2704 1091 2786 οὓς
1114 2704 1217 2802 ἡμεῖς
1239 2704 1286 2780 οἷν

175 2800 516 2930 παραλριβόντες,’
498 2808 641 2881 εκεένων
647 2802 948 2931 ἀποφηνάντων,
975 2804 1265 2936 ἑφαλολττορον’
1246 2836 1286 2882 ιν

176 2904 390 3007 ἀκροπόλει
417 2904 763 3030 κατασηρηνρλμενοι
793 2905 888 2984 πολι)
910 2909 1099 3004 μαλλον
1076 2939 1097 3008 η
1129 2939 1173 2984 το
1199 2937 1287 3040 xpo-

176 3013 278 3096 σέον,
305 3018 364 3085 ἴνα
383 3012 505 3133 μρδοις
527 3006 661 3094 αὐτους
682 3015 916 3137 διέφθειρεν,
943 3009 1023 3087 οέλλ
1046 3007 1217 3137 ἑπειιλη’
1193 3013 1287 3108 αφέ-

175 3141 300 3187 κοιντο
318 3118 367 3194 εἰς
383 3142 451 3210 την
464 3112 620 3211 ηλικέαν,
647 3110 820 3213 χρήσιμοι
832 3115 1015 3210 γίγνοιντο
1031 3144 1111 3198 ταις
1125 3109 1286 3190 πόλισιν

57 3301 63 3315 s
175 3219 344 3308 Apertum
359 3227 428 3300 est,
454 3240 648 3310 expressam
666 3243 738 3288 esse
760 3221 796 3289 in
816 3220 993 3344 p1incipali
1017 3221 1180 3290 sententia
1200 3243 1287 3288 con-

175 3321 338 3389 ditionem
356 3343 425 3388 non
439 3319 624 3412 impletam.
679 3322 829 3408 Quod'
805 3345 832 3391 si
855 3347 941 3413 quae
957 3346 1022 3414 per
1048 3352 1110 3405 ους
1130 3322 1288 3392 adiuncta

176 3433 226 3492 est
248 3425 427 3508 sententia,
453 3425 574 3492 iterum
595 3425 701 3494 habet
724 3424 790 3516 ἄν,
817 3426 942 3495 factum
963 3426 1001 3494 id
1023 3436 1075 3496 est
1097 3449 1157 3508 eo,
1192 3426 1287 3517 quod

175 3549 245 3594 non
265 3527 395 3619 pendet
421 3549 463 3594 ex
482 3529 597 3619 priore
617 3530 796 3617 sententia,
823 3529 885 3598 sed
908 3529 980 3598 sola
1000 3554 1064 3622 per
1084 3553 1120 3598 se
1143 3539 1285 3602 constat.

176 3629 280 3713 Quod
300 3639 412 3698 autem
424 3630 459 3697 in
473 3631 541 3698 line
555 3641 702 3702 mutatur
715 3634 811 3701 verbi
823 3634 960 3720 modus,
986 3631 1022 3702 id
1038 3642 1131 3702 recte
1149 3631 1288 3723 quidem
1330 3629 1333 3633 ’

176 3732 333 3823 observat
347 3733 570 3802 Buttmaunus
584 3735 658 3803 lieri
675 3744 817 3828 propter
831 3758 1068 3828 praegressum
1082 3732 1288 3830 ἀφίκοιντο,

177 3834 322 3902 sednon
338 3837 497 3929 explicuit
512 3845 636 3911 tamen.
669 3839 834 3906 Nimirum
850 3862 917 3906 non
933 3849 1025 3930 recte
1042 3839 1176 3907 dixisset
1189 3839 1289 3908 Plato
1361 3898 1363 3904 ⁴

176 3931 300 4032 ἑποιδή
315 3933 512 4030 ἀφίκοντο,
537 3941 632 4030 quod
652 3942 698 4010 sic
715 3941 911 4028 indicasset,
937 3965 1005 4010 non
1025 3942 1130 4011 fuisse
1145 3940 1221 4010 illos
1244 3942 1291 4010 ad

174 4041 295 4107 iustam
309 4049 452 4109 aetatem
473 4054 705 4164 perventuros
760 4044 912 4129 Quod
888 4069 915 4112 ss
935 4046 1115 4140 participio
1127 4068 1207 4112 usus
1233 4067 1290 4114 es·

176 4150 245 4231 set,
271 4150 364 4210 recte
381 4141 533 4227 dixisset,
550 4143 640 4220 ἀλλ’
658 4141 875 4240 ἀφικόμενοι
896 4175 945 4230 εις
957 4177 1026 4246 την
1047 4146 1188 4246 ηλικίαν
1204 4141 1290 4246 χρή·

176 4273 279 4338 σιμοι
297 4242 493 4339 ἐγίγνοντο.
526 4250 600 4315 Nec
615 4271 683 4317 non
697 4250 842 4341 potuit
825 4249 1009 4344 sylyvovvo
1025 4251 1149 4337 dicere,
1167 4273 1289 4342 quam-
