2918 4890
402 252 694 362 lncREmffluvM
716 301 825 362 maon
846 299 1010 362 PRIMVS·
1052 227 1057 277 Ι
1187 300 1265 362 aot

256 492 380 560 XXVI.
418 493 458 559 P.
481 485 543 558 85.
576 489 736 578 „oona
752 513 899 580 moneo,
924 491 1122 583 vulgarem
1147 488 1252 557 illam

31 626 33 643 ·
156 596 309 688 optativi
317 595 490 689 sormam
509 595 744 667 reddendam
763 594 882 664 videri
898 592 1094 688 Sophoclis
1122 593 1252 687 Antig.

156 722 187 768 o.
204 697 290 768 414.
317 697 376 768 abi
395 701 552 792 legam:

422 854 459 924 si
480 879 535 933 τις
559 847 663 925 τοῦδ’
684 843 880 948 ἄφειδήσαι
906 843 1031 924 πόνου.

48 1013 49 1017 ’
160 1002 364 1074 Branclcias
389 1015 491 1075 recte
514 1004 641 1075 vertit:
668 1005 783 1094 siquis
804 1003 884 1071 huic
904 1003 1013 1072 labori
1038 1003 1256 1089 minusesses

159 1107 323 1175 adtentus.
331 1111 352 1150 “
417 1108 510 1194 Quid
545 1108 590 1176 ad
623 1107 875 1175 defendendum
903 1106 997 1196 quod
1027 1106 1104 1174 libri
1129 1105 1257 1173 habent

160 1204 359 1305 ἅφειθήσοι
387 1212 569 1299 attulerim,
607 1234 649 1280 ex
673 1212 711 1279 iis
743 1211 903 1304 cognosci
929 1217 1059 1302 potest,
1093 1231 1180 1297 quae
1211 1207 1257 1275 ad

159 1313 253 1379 illum
281 1313 462 1404 Sophoclis
492 1337 625 1382 versum
646 1314 681 1382 in
707 1314 852 1383 editione
871 1335 949 1381 mea
973 1311 1139 1385 adnotavi.
1192 1313 1256 1382 Αι-

16 1494 17 1498 *
161 1437 227 1503 que
248 1417 321 1510 ipse
343 1417 547 1486 Schaeferus
566 1418 646 1485 illuc
664 1417 699 1485 iu
713 1440 774 1486 sua
791 1416 898 1487 rediit.

264 1579 406 1654 XXVII.
446 1572 485 1652 lu
511 1583 631 1652 eadem
656 1583 886 1652 adnotatione}
920 1571 1124 1669 „Eandem
1142 1581 1257 1649 medi·
1360 1668 1363 1679 1

164 1680 285 1749 cinam
326 1685 553 1754 admoverim
587 1684 793 1778 Sophocleo
826 1684 1052 1779 fragmento
1090 1683 1257 1754 Phaedra

173 1781 278 1851 VIII.
310 1786 523 1857 scribendo:
561 1785 589 1883 ᾦ
615 1816 654 1880 γε
680 1781 769 1868 Zeoic
795 1783 1002 1885 ἐφορμῆσαι
1028 1780 1128 1860 κακά.
1189 1785 1259 1855 Ne-

144 1909 233 1979 -que
258 1888 352 1955 enim
378 1887 578 1983 abhorrent
603 1890 651 1959 ab
675 1914 744 1959 asa
768 1891 873 1959 haias
881 1889 1038 1984 formae
1060 1891 1260 1984 scriptores

167 1989 322 2062 Attalo
388 1993 512 2062 Versus
547 1994 594 2061 illi
625 1993 718 2086 apud
751 1994 936 2063 Stobaeum
967 1994 1086 2064 cvlll.
1119 1993 1179 2062 53.
1214 1995 1261 2062 sic
1310 1989 1325 2069 ¹,

166 2094 281 2186 scripti
309 2095 483 2187 leguntur:

218 2250 323 2343 αἴσχη
348 2247 438 2340 μὲν,
470 2242 500 2321 d
524 2253 707 2341 γυναῖκες
740 2245 867 2322 ουδ’*
842 2277 888 2322 ao
914 2249 979 2331 εἷς
975 2277 1103 2372 <popm

218 2349 362 2446 βροτῶν
388 2345 501 2438 aoid,
528 2346 558 2444 ᾧ
582 2351 640 2422 nai
666 2345 800 2432 Zooc’
782 2346 985 2484 ιφορμήιιοι
1011 2344 1112 2424 κακοί.
1223 2429 1225 2434 ,

220 2447 348 2534 νόσους
373 2448 448 2535 ιι”
423 2446 559 2551 anciran
585 2446 651 2534 acic
675 2447 877 2552 θεηλάτους
903 2457 1036 2552 φέρειν.
1143 2470 1148 2486 “

168 2623 209 2690 Ιιι
227 2622 346 2711 quibus
367 2644 472 2712 quum
490 2645 558 2691 ιιοιι
574 2623 682 2715 possit
706 2623 850 2692 dubitari
876 2625 955 2716 quin
973 2626 1170 2718 respiciatur
1191 2633 1264 2693 tur-

169 2727 222 2818 pis
247 2747 359 2813 amor,
392 2726 428 2792 in
451 2747 554 2819 quem
578 2717 731 2794 inciderit
754 2702 965 2815 Plraedra‚'
956 2752 1028 2798 rure
1055 2729 1265 2798 statuendum
1316 2737 1321 2744 '

171 2838 222 2898 est
256 2828 464 2897 coniunctivo
498 2831 610 2920 potins
639 2829 800 2899 utendum
824 2831 934 2900 fuisse.
989 2832 1122 2900 Malum
1154 2841 1266 2900 autem

170 2955 287 3002 versus
318 2932 463 2999 fulcrum
501 2931 560 3004 καὶ
593 2933 733 3001 credere
764 2934 900 3022 suadet,
939 2933 1150 3027 Sophoclem
1183 2934 1267 3003 scri-
1373 2925 1374 2929 ¹

170 3037 296 3128 psisse,
322 3033 396 3108 οἶσι
416 3029 552 3116 Zeoc'
534 3029 722 3133 εφορμήση
748 3031 851 3112 κακοί.

274 3205 514 3278 xxvffl.P
514 3203 620 3275 ..8⁶6
660 3206 809 3298 disputat
840 3205 939 3277 de
915 3235 960 3306 ην
991 3231 1069 3276 cum
1107 3208 1269 3326 optativo,

174 3331 280 3399 quum
305 3308 387 3375 alios
412 3307 609 3398 scriptoreS,
635 3317 707 3376 ιιιιιι
732 3310 864 3378 Antistii
889 3311 1117 3404 epigramma,
1142 3310 1178 3377 in
1200 3332 1269 3400 quo
1413 3296 1418 3309 ¹

176 3419 226 3480 est
256 3408 301 3505 ἢν
335 3409 374 3482 δὲ
398 3408 633 3506 παρεκβαίης,
674 3418 746 3479 tum
778 3413 919 3481 Maximi
952 3414 1021 3482 duo
1053 3412 1210 3504 exempla
1236 3421 1270 3480 et

176 3535 279 3582 uuum
320 3511 537 3603 Hippocratis
575 3512 730 3588 afferens.
805 3517 860 3585 De
899 3517 1040 3585 Antistio
1080 3516 1271 3601 monebam,

176 3615 394 3685 vehementer
426 3613 570 3682 dubitari
600 3638 705 3708 posse
737 3641 780 3685 an
804 3620 832 3688 is
860 3619 972 3711 potius
999 3617 1042 3715 ἢν
1069 3608 1156 3692 δὲ
1133 3644 1271 3711 παρει-

177 3711 265 3816 stunc
299 3715 429 3808 scripsis
415 3726 492 3790 sset.
555 3718 616 3789 lle
641 3719 746 3788 altero
778 3721 918 3790 Maximi
958 3722 1036 3790 loco
1069 3720 1273 3791 Schaeferus

35 3839 42 3847 ·’
179 3822 245 3890 sic.
276 3819 411 3909 „Idem
436 3843 467 3890 v.
492 3818 577 3888 346.
610 3822 743 3893 iunctis
775 3825 937 3966 optativo
966 3834 1003 3896 et
1028 3823 1273 3894 coniunctim.

179 3922 223 4019 ἢν
239 3925 455 4019 -ιιέλη-
412 3921 561 4021 -ἢ-
580 3919 792 3999 iondoeoso‘
794 3929 960 3997 ‘Hunc
984 3930 1098 3997 locum
1118 3927 1274 3997 dicebam
1353 3916 1355 3920 ὗ

180 4027 208 4096 si
231 4026 415 4094 accuratius
441 4027 656 4118 inspexisset,
693 4050 761 4097 non
783 4032 959 4100 allaturum
984 4033 1095 4104 luisse
1146 4029 1275 4100 Gerru-
1348 4098 1351 4103 e

181 4138 280 4223 ptum
306 4148 395 4216 esse,
421 4129 587 4220 scribique
613 4117 739 4202 debere
758 4134 827 4204 hoe
845 4134 967 4204 modo:
