2918 4890
214 285 277 349 224
582 277 959 340 Ensnoa'rlonss

316 469 359 546 V.
377 470 461 540 282.
488 470 584 538 nimis
601 469 799 563 languidum
814 480 880 555 est,
907 467 1001 558 quod
1014 467 1155 562 legitur,

267 629 374 702 ἔνθεν
390 616 591 720 ἀριστεύων
608 605 768 718 ἐμφύλια
786 616 907 695 πσίντα
922 615 1047 695 διιύκω.

216 782 289 852 Sed
313 802 418 870 quum
438 801 505 846 non
528 787 725 869 corruptum
748 775 902 843 rideatur
921 769 1042 848 πάντα
1051 831 1066 865 ,
1098 736 1216 844 deesse
1237 798 1321 843 ver-

130 880 135 885 *
164 890 408 976 assumpisse,
433 882 549 972 inquo
565 881 805 948 substantivum
822 889 909 963 erat,
934 879 1082 963 virtutes,
1107 878 1235 967 laudes,
1259 869 1322 948 de·

215 1012 296 1058 cora
318 986 518 1078 significans.
571 984 641 1054 Sed
659 984 809 1075 quamvis
826 982 961 1050 multis
952 1006 986 1051 rn
1006 983 1089 1052 locis
1109 986 1263 1054 mutilum
1279 986 1322 1054 sit

213 1092 281 1161 hoc
299 1112 451 1175 carmen,
477 1096 590 1155 tamen
603 1097 684 1179 post
699 1086 763 1155 hos
777 1109 910 1173 versus,

265 1239 314 1318 τίν
330 1273 349 1316 o
336 1239 475 1334 ’μέν’
443 1240 628 1362 ημιτίρηι
644 1233 837 1334 δωμήσατο
857 1239 980 1330 τείχεα
996 1235 1151 1337 πσίτρης,

264 1345 386 1436 τείχεα
401 1337 454 1437 μη
468 1342 673 1432 πίπτοντα,
702 1335 917 1417 Ποσειδσίων
930 1373 989 1418 και
982 1338 1192 1420 Ἀπόλλων
1201 1399 1216 1434 ,
1321 1399 1325 1404 .

83 1506 87 1511 ’
213 1526 271 1594 qur
259 1497 417 1589 aliquid
437 1497 599 1565 excidisse
613 1505 750 1589 putant,
778 1519 820 1565 eo
836 1497 959 1590 opinor
977 1495 1078 1577 moti,
1105 1497 1330 1588 quodquam

214 1606 237 1679 ὃ
251 1604 319 1698 μὲν
335 1601 454 1670 dixerit
467 1610 582 1693 poeta,
610 1600 732 1668 deinde
746 1602 907 1692 Neptuno
925 1599 1025 1666 etiam
1040 1600 1235 1691 Apollinem
1252 1603 1320 1671 ad-

213 1710 346 1802 iungat,
372 1704 467 1774 nimis
485 1704 610 1798 rigidas
627 1704 708 1772 mihi
725 1702 879 1771 videntur
894 1702 1031 1772 dictioni
1045 1707 1200 1795 poeticae
1219 1707 1318 1800 leges

214 1813 371 1883 scribere.
426 1808 463 1877 Si
481 1817 593 1877 tamen
611 1807 739 1898 aliquid
754 1807 896 1894 excidit,
919 1829 988 1891 non
1011 1807 1075 1874 fuit
1095 1809 1132 1877 id
1153 1810 1262 1896 aliud,
1289 1811 1320 1879 si

213 1915 296 2008 quid
313 1938 380 2009 ego
397 1910 514 1999 video,
541 1936 642 2004 qnam
656 1934 740 1979 unus
753 1933 886 2007 sersus,
914 1912 1041 2001 dequo
1062 1915 1175 1982 nescio
1191 1938 1233 1983 an
1254 1915 1320 1983 ali-

213 2019 297 2111 quid
317 2015 431 2088 indicii
454 2016 556 2085 faciat
578 2016 746 2108 scriptura
765 2014 890 2083 codicis
907 2015 995 2083 Mat.
1018 2016 1074 2104 qui
1094 2041 1159 2108 pro
1179 2011 1232 2114 μη
1251 2015 1320 2090 πί..

212 2150 354 2197 πτσντα
376 2119 512 2190 exhibet
534 2117 805 2214 μαρμαίροντα.
858 2118 900 2186 ld
923 2117 1102 2188 Belrkerus
1122 2121 1195 2189 iure
1218 2131 1319 2213 post·

212 2224 330 2295 habuit
359 2223 535 2315 vulgatae,
561 2245 650 2312 quae
675 2223 782 2289 multo
803 2220 923 2290 fortior
949 2229 1008 2289 est.
1063 2223 1157 2309 Quid
1178 2247 1260 2293 vero
1289 2225 1319 2294 si

85 2334 88 2340 ’
209 2339 323 2398 tamor
344 2349 426 2397 vera
446 2335 497 2395 est
517 2325 641 2394 codicis
662 2325 748 2394 illius
772 2325 955 2417 scriptura,
982 2326 1158 2397 coniuncta
1178 2328 1318 2420 quidem

211 2454 288 2502 cum
303 2433 457 2524 vulgata.

70 2618 73 2625 -
137 2628 140 2635 ·
206 2557 209 2564 ’
263 2573 313 2650 σίν
331 2577 353 2651 ὃ
371 2576 439 2672 μὲν
459 2550 839 2680 ημιτίρηςδωμήσατο
856 2578 1149 2713 τείχεαπνίτρης,

262 2679 385 2771 τείχεα
401 2683 687 2806 μαρμαίροντα,
716 2679 931 2758 Ποσειδάων
946 2686 1005 2760 καί
1020 2683 1228 2781 Ἀπόλλων,

261 2784 383 2875 τείχεα
397 2814 449 2884 μη
468 2787 651 2860 πίπτοντα
703 2840 1142 2862 ........

312 2939 355 3012 V.
380 2937 465 3012 295.
497 2942 577 3008 Νοιι
601 2963 738 3033 prorsus
761 2941 922 3010 abhorret
945 2942 989 3010 ab
1015 2967 1078 3013 usn
1103 2944 1316 3017 Graecorum

211 3038 283 3132 καί,
307 3044 402 3133 qnod
415 3043 460 3113 ad
470 3052 579 3148 totanr
591 3045 787 3113 sententiam
794 3046 970 3137 pertineat,
986 3048 1186 3118 collocatum
1202 3051 1315 3136 uthio,

261 3191 302 3292 ἧς
316 3200 432 3280 ἕνεκεν
448 3197 600 3296 τέτληκα
615 3195 677 3276 καὶ
693 3200 852 3290 οἴδματα
868 3193 985 3272 πολλαί
997 3201 1163 3300 περῆσαι.

211 3346 284 3417 Sed
299 3356 412 3416 tamen
428 3350 614 3443 elegantius
630 3346 682 3423 δι’
701 3352 861 3443 οἴδματα
876 3352 1070 3443 scripsisset.
1123 3357 1238 3442 Quam
1251 3382 1314 3427 an-

210 3459 280 3519 tem
292 3453 403 3520 Nonni
419 3463 510 3521 secta
522 3464 612 3523 amet
625 3455 819 3546 partitiones
831 3478 896 3545 per
914 3454 983 3522 duo
999 3457 1058 3528 καί
1072 3456 1194 3547 factas,
1219 3460 1314 3530 hand

212 3555 281 3624 scio
306 3579 349 3623 an
370 3557 508 3647 perierit
528 3581 642 3627 versus
663 3557 783 3626 eadem
805 3559 926 3626 vocula
945 3559 1123 3652 incipiens,
1149 3563 1214 3634 hac
1235 3589 1314 3634 sen-

157 3754 163 3764 ·
211 3659 331 3727 tentia:
359 3668 395 3729 et
414 3669 493 3730 tam
508 3669 672 3729 rernotas
689 3661 859 3754 regiones
874 3661 991 3730 adire.

312 3811 355 3887 V.
372 3796 458 3883 29⁴5.
482 3808 713 3884 scribendum:

262 3965 299 4037 σί
306 3991 355 4057 μι
371 3960 664 4060 καταισχύνειας,
691 3961 782 4064 ίμην
797 3967 855 4042 καί
867 3961 1018 4068 Κύπριν
1031 3971 1187 4064 ἐλέγξας.

210 4116 309 4205 Quae
323 4129 526 4208 sequuntur,
550 4121 598 4189 ita
615 4121 837 4190 continuanda
851 4131 944 4192 sunt:

262 4266 326 4346 ούκ
344 4273 448 4371 ίρεά·
460 4353 463 4358 ,
474 4272 513 4347 τί
526 4275 565 4349 cl
578 4267 711 4350 τόσσον
726 4277 967 4374 ἐπισταμένην
984 4301 1024 4348 σι
1041 4260 1171 4359 διδάξω
1178 4329 1193 4364 ,
