2918 4890
536 301 622 364 suu.
643 301 667 367 1.
710 299 803 363 cue.
822 305 854 368 2.
1228 305 1252 371 r
1312 262 1347 393 ¹,

139 515 243 562 unum
257 489 398 580 aliquod
413 491 606 573 verborum,
634 515 721 582 quae
737 516 815 561 cum
831 494 890 562 illo
905 493 1012 564 verbo
1025 516 1127 563 unam
1143 495 1251 563 oliuu·

140 596 318 664 eiationem
339 594 508 677 efficiunt,
545 595 704 663 collocari
725 619 865 667 necesse
888 607 948 667 est.
1000 599 1073 667 Sed
1092 597 1250 666 differunt

140 723 182 768 ea
194 699 228 767 in
242 722 281 766 re
301 697 437 786 aliquid.
484 696 559 772 *Au
574 698 663 767 enim
677 722 781 788 quum
803 701 927 769 nonsit
947 701 1115 785 enclitica,
1142 711 1176 768 et
1197 709 1250 769 ta·

139 825 218 870 men
243 801 336 868 initio
363 801 445 892 poni
466 810 633 889 nequeat,
666 812 821 893 apertum
847 812 899 872 est
924 806 1006 896 poni
1027 827 1104 874 cam
1125 802 1278 871 debere.

68 962 71 967 .
141 913 219 995 post
236 926 354 975 eorum
376 902 515 992 aliquod
532 903 793 990 vocabulorum,
819 905 865 975 ad
888 928 1032 995 quorum
1056 905 1252 975 seutentiam

143 1006 408 1081 constituendam
423 1006 577 1095 pertinet.
628 1007 707 1080 Ke'a
725 1017 856 1092 autem,
882 1030 969 1096 quae
990 1008 1083 1098 quod
1100 1007 1252 1077 enclitica

142 1118 210 1193 est,
236 1110 281 1176 ab
304 1107 494 1199 incipienda
511 1109 661 1177 oratione
684 1119 833 1196 arcetur,
860 1111 960 1179 etiam
981 1121 1058 1181 aute
1076 1133 1118 1178 ea
1137 1109 1252 1193 rerba,

141 1211 186 1279 ad
212 1234 357 1300 quorum
380 1211 576 1279 sententiam
605 1213 768 1302 pertinet,
801 1214 883 1304 poni
908 1222 1037 1304 potest,
1067 1211 1252 1280 dummodo

137 1316 254 1403 aliqua
270 1336 337 1381 vox
360 1313 395 1381 in
415 1315 536 1383 eadem
557 1315 803 1384 constructione
820 1315 1002 1385 verborum
1022 1314 1251 1409 praecesserit

142 1418 233 1486 Hinc
248 1417 417 1485 Homerus
436 1418 530 1484 lliad.
546 1446 577 1506 χ.
597 1417 656 1488 20.
674 1418 774 1501 dixit,
801 1414 826 1513 ἦ
842 1413 876 1490 o’
893 1417 940 1490 du
953 1419 1136 1514 τισαίμην.
1188 1416 1252 1484 ΑΙ·

142 1532 216 1588 tera
236 1521 401 1611 particula
417 1521 443 1588 si
466 1521 515 1588 uti
534 1521 707 1608 uoluisset,
734 1521 886 1607 dixisset,
913 1518 995 1617 ἧκέ
1010 1548 1050 1596 uo
1071 1517 1252 1616 τισαίμην.

143 1619 191 1691 Et
208 1623 303 1712 quod
320 1623 413 1691 idem
428 1624 541 1716 posuit
556 1623 651 1694 lliacl.
666 1651 698 1719 η.
714 1617 799 1694 125.
904 1692 907 1697 ,

200 1768 202 1777 '
248 1770 272 1871 ἦ
285 1802 323 1848 κε
335 1771 424 1869 μέγ’
439 1768 603 1868 οἰμώξειε
618 1775 731 1870 γέρων
747 1750 929 1877 iunqioiro
953 1768 1092 1873 Πηλεύς
1099 1802 1112 1864 ,’

92 1939 96 1946 ’
145 1930 298 2020 Syagros
314 1928 406 2020 apud
427 1928 642 1997 Herodotum
657 1927 732 1996 Vll.
750 1924 835 1998 159.
857 1930 920 1998 uisi
937 1929 971 1996 iu
983 1929 1085 1997 alium
1099 1929 1273 2024 uoluisset·

145 2055 279 2100 versum
294 2030 469 2100 heroicum
488 2041 703 2120 convertere,

249 2180 272 2280 ἦ
286 2213 325 2258 κε
338 2179 423 2278 μέγ’
439 2177 624 2277 οἶμῶξειεν
639 2181 661 2256 ὁ
677 2179 878 2280 Πελοπίδης
891 2177 1152 2275 Ἀγαμέμνων,

146 2361 250 2430 prosa
281 2339 431 2406 oratioue
456 2338 569 2406 dicere
593 2336 785 2424 debuisset,
814 2330 839 2428 ἤ
868 2335 962 2428 μέγα
987 2333 1033 2406 dv
1064 2326 1257 2427 oriudum.

148 2447 195 2510 At
211 2440 322 2522 ὅντως
336 2439 382 2511 ἄν
399 2466 439 2513 σε
453 2439 624 2536 τισαίμην
638 2441 763 2509 licebat
780 2437 855 2509 dici.
907 2439 1029 2528 Neque
1044 2439 1132 2507 enim
1145 2435 1257 2516 ὅντως

148 2544 313 2633 loquentis
333 2542 547 2611 affectionem
568 2544 686 2630 animi,
711 2552 749 2610 ut
762 2537 800 2638 ἤ,
827 2540 888 2610 sed
902 2541 967 2628 rei,
995 2540 1039 2609 de
1058 2564 1125 2631 qua
1146 2561 1257 2608 senno

148 2657 216 2731 est,
239 2644 420 2736 quamdam
440 2647 667 2716 conditionem
681 2646 816 2715 indicat
870 2644 968 2728 Quae
983 2644 1032 2712 vis
1049 2667 1153 2734 quum
1173 2643 1258 2710 inest

148 2753 184 2817 iu
205 2748 391 2841 particulis,
417 2772 505 2838 quae
525 2773 566 2817 ea
582 2752 785 2842 plerumque
801 2756 935 2833 carent,
968 2755 1039 2814 tum
1054 2749 1147 2838 ipsae
1169 2767 1258 2835 quo-

60 2903 71 2914 ,
149 2875 216 2942 que
229 2853 367 2935 statima
381 2852 545 2942 particula
559 2854 604 2925 ἄν
620 2853 729 2943 excipi
743 2857 899 2942 possunt:
919 2859 956 2916 ut
973 2848 1045 2936 καί,
1060 2850 1118 2917 ubi
1132 2870 1209 2915 cum
1222 2847 1258 2914 vi

150 2955 298 3046 quadam
320 2955 446 3023 dictum
462 2957 579 3024 fortius
600 2955 858 3047 pronunciatur,
885 2975 927 3022 re
948 2975 1039 3022 vera
1056 2952 1258 3044 significans,

150 3069 188 3127 ut
206 3057 299 3151 apud
319 3058 531 3127 Herodotum
552 3059 611 3132 lv.
635 3057 721 3126 118.
746 3056 806 3128 καὶ
828 3054 873 3126 ἄν
900 3050 1039 3150 ἐδήλου.
1079 3057 1260 3122 Praeterea

48 3216 52 3224 .
112 3199 116 3207 ·
151 3162 320 3251 quaedam
338 3162 547 3230 inveniuntur
564 3162 767 3246 locutiones,
794 3181 882 3248 quae
901 3159 1032 3227 duobus
1050 3157 1208 3225 memhris
1227 3156 1260 3222 in

151 3289 255 3333 unum
271 3265 447 3332 contractis
456 3266 554 3333 etiam
571 3265 771 3356 particulam
785 3260 831 3332 ἄν
844 3285 865 3328 a
876 3264 1015 3354 propria
1030 3263 1098 3328 eius
1109 3259 1189 3328 sede
1203 3282 1260 3326 re-

151 3369 290 3451 vellunt,
307 3360 866 3438 utusitatissimaformulaoriuoid'
882 3364 971 3436 ἄνεί
984 3363 1161 3452 πείσαιμι.
1189 3360 1261 3430 Sed

152 3471 255 3539 dehis
265 3470 351 3536 infra
365 3492 427 3536 suo
440 3472 525 3543 loco.
550 3471 715 3541 Caeterae
730 3467 990 3553 coniunctiones,-
1006 3490 1093 3556 quae
1110 3465 1261 3556 incipere

88 3606 92 3613 ·
150 3575 336 3640 orationem
346 3583 526 3665 nequeunt,
552 3597 655 3663 quum
665 3572 860 3662 statimpost
868 3572 1139 3663 primamuocem
1149 3569 1260 3636 collo-

153 3677 220 3744 cari
228 3675 976 3767 soleant,naturaquesuaadinitiumorationis
984 3672 1261 3765 pertineantiure
1372 3749 1379 3756 ⁵

152 3780 219 3847 hoc
235 3779 364 3846 habent
381 3782 610 3872 praecipuum,
637 3789 673 3847 ut
691 3787 726 3846 et
739 3777 784 3849 dv
798 3785 833 3845 ot
846 3777 917 3862 κέν,
944 3786 1080 3866 utquae
1095 3775 1262 3866 adipsum
1379 3793 1381 3798 ’

154 3883 351 3951 sententiam
372 3893 544 3973 spectent,
570 3892 651 3975 post
671 3905 727 3951 eas
741 3881 823 3972 poni
837 3880 992 3948 debeant.
1044 3879 1147 3946 Tales
1174 3878 1262 3963 dico,
1391 3939 1410 3989 ,Ι

154 3995 191 4053 ut
204 3989 286 4076 μέν,
302 3986 355 4072 da',
372 3986 427 4076 τέ,
451 3979 535 4080 γάρ,
553 3986 639 4079 ἄρα,
658 3984 726 4076 μὲν
743 3977 827 4075 γάρ,
841 3985 982 4074 μέντοι.
1015 3983 1087 4052 Sed
1101 3981 1167 4048 hae
1180 4003 1262 4072 par-

66 4127 69 4131 ·
155 4089 274 4157 ticulae
288 4110 394 4178 quum
411 4092 544 4182 longius
559 4088 766 4180 aprincipio
784 4097 934 4154 remotae
950 4087 1020 4154 aliis
1035 4086 1144 4154 verbis
1160 4081 1262 4158 subii-

156 4192 311 4274 ciuntur,
335 4201 428 4262 recte
449 4192 624 4286 praecedit
637 4189 683 4264 ἂν
699 4191 754 4258 vel
769 4188 837 4262 κέν.
864 4234 867 4239 ·
889 4191 966 4260 Alia
987 4191 1072 4258 ratio
1092 4196 1144 4259 cst
1158 4185 1263 4276 parti-
1357 4280 1360 4292 y

156 4295 307 4364 cularum
321 4297 642 4385 ratiocinativarum,
668 4302 706 4364 ut
719 4291 810 4392 ἄρα,
837 4292 943 4392 δῆτα,
970 4289 1047 4375 οὖν,
1074 4311 1162 4381 quae
1176 4311 1264 4356 mmo
