2918 4890
157 1175 787 1282 nunnonrrouus
835 1174 1261 1298 convnw)
1321 1106 1325 1114 ⁵

610 1457 819 1470 μ

156 1633 281 1766 Qnod
300 1675 374 1743 fieri
395 1676 497 1757 solet,
523 1683 575 1762 ut,
598 1673 693 1765 quod
715 1673 789 1763 quis
806 1695 874 1741 non
895 1673 1008 1769 statim
1022 1695 1127 1762 quum
1144 1683 1286 1766 opor-3

87 1794 88 1799 ’
154 1779 247 1844 tebat
259 1777 394 1864 fecerit,
422 1778 536 1845 dedic
554 1779 587 1845 in
604 1778 695 1852 diem
706 1777 900 1869 protrahat,
925 1777 961 1844 id
974 1776 1056 1843 mihi
1069 1777 1191 1845 accidit
1208 1779 1259 1847 bis

153 1881 311 1971 neglecta
327 1882 511 1972 scriptione
533 1880 788 1966 dissertationis,
814 1880 996 1969 quaeritis
1019 1901 1135 1947 eornm
1158 1905 1261 1972 prae-

154 1983 358 2070 mitteretur,
385 1986 443 2073 qui
461 2006 525 2074 per
548 2006 696 2050 annuum
715 1982 861 2073 spatium
882 1981 926 2049 ab
951 1979 1082 2049 Ordine
1104 1982 1262 2052 Philoso-

153 2085 300 2176 phorum
325 2096 435 2154 esseut
451 2085 694 2177 Philosophiae
716 2085 881 2152 Doctores
898 2093 932 2152 et
950 2085 1082 2152 Artium
1103 2084 1262 2178 Magistri

155 2189 265 2255 creati.
318 2188 422 2255 lucidi
438 2197 550 2255 autem
569 2188 603 2254 in
618 2189 679 2256 has
695 2209 807 2254 moras
822 2209 883 2274 eo,
910 2187 1004 2276 quod
1024 2187 1192 2277 quaedam
1208 2190 1261 2256 ni-

152 2291 214 2358 mis
234 2291 398 2382 impedita
412 2291 608 2358 obstinatius
622 2290 870 2382 persequebar,
898 2291 962 2357 alia
977 2299 1108 2374 autem,
1131 2291 1189 2359 nbi
1206 2293 1261 2358 in-

154 2379 347 2478 choassem',
380 2393 540 2485 longioris
564 2394 635 2460 vidi
660 2388 892 2484 disputationis
916 2393 1009 2476 fore,
1043 2416 1146 2483 quam
1172 2416 1260 2483 quae

152 2495 344 2564 huiusmodi
368 2496 630 2588 praefationibus
659 2497 860 2565 conveniret.
912 2495 1032 2585 ltaque
1057 2519 1100 2564 ne
1124 2497 1260 2565 tertium

152 2599 306 2667 deessem
322 2600 435 2667 officio
456 2620 552 2685 meo,
583 2599 689 2667 missis
713 2600 855 2688 quaein
875 2598 1025 2674 medium
1047 2598 1171 2667 aherrc
1197 2599 1261 2667 de-

105 2787 110 2795 ·
152 2703 370 2785 stinaveram,
397 2702 508 2770 subito
525 2702 660 2797 consilio
678 2701 830 2785 decrevi,
855 2701 1031 2792 productis
1047 2701 1147 2768 simul
1159 2702 1260 2793 trium

80 2796 83 2803 ’
152 2828 314 2873 annorum
330 2804 540 2890 candidatis,
567 2804 695 2894 aliquid
709 2826 867 2896 promere
883 2826 924 2871 ex
939 2826 981 2871 co
995 2826 1139 2896 genere,
1166 2804 1260 2894 quod

151 2909 308 2996 quoniam
321 2909 355 2975 in
370 2909 442 2977 solo
460 2907 670 2975 coniectandi
681 2908 757 2975 lusu
772 2907 920 2998 positum
934 2914 1000 2992 est,
1025 2907 1148 2975 laboris
1165 2907 1259 2991 nihil,

150 3012 308 3079 terminos
332 3022 443 3078 autem
464 3012 654 3078 arbitrarius
670 3010 822 3079 haberet.
873 3009 916 3076 ld
941 3009 969 3077 si
989 3009 1047 3099 qui
1068 3010 1259 3101 reprehen-

151 3108 250 3202 der'rt,
277 3114 545 3204 (reprehendent
564 3124 676 3180 autem
696 3115 723 3181 si
745 3136 813 3180 non
833 3113 906 3198 alii,
933 3121 1024 3182 certe
1045 3113 1109 3199 illi,
1136 3115 1257 3203 quihus

150 3214 218 3282 hoc
239 3238 342 3282 unum
358 3238 444 3306 opus
468 3225 535 3300 est,
561 3217 768 3306 vituperare)
794 3215 971 3282 serendum
993 3216 1029 3283 id
1045 3216 1123 3284 erit:
1150 3225 1184 3284 et
1203 3216 1258 3284 fe-

116 3392 118 3398 ,
150 3317 292 3384 rendum
306 3327 410 3398 esset,
436 3317 600 3406 quidquid
617 3319 813 3385 scriberem:
841 3316 902 3385 sed
917 3317 1058 3386 fortasse
1074 3319 1182 3406 aliqui
1191 3320 1257 3388 mi·

151 3442 211 3488 nus
233 3421 358 3509 morosi
377 3418 504 3487 iudices
526 3443 569 3486 ne
589 3421 657 3487 hoc
678 3420 816 3510 quidem
836 3442 944 3511 genus
967 3421 1134 3488 scribendi
1155 3423 1256 3512 plane

151 3531 382 3602 contemnent,
414 3522 498 3588 nihii
525 3521 670 3610 denique
695 3523 786 3590 aliud
810 3523 866 3614 agi
882 3523 1121 3616 intelligenteS,
1154 3547 1257 3612 quam

150 3627 243 3714 quod
264 3628 364 3694 etiam
385 3625 419 3692 in
440 3625 502 3692 iilis
519 3625 635 3709 rebus,
662 3649 749 3715 quae
769 3626 952 3717 plurimum
972 3638 1006 3694 et
1028 3626 1200 3694 doctrinae
1222 3639 1257 3696 et
1386 3709 1392 3719 .

150 3729 273 3797 laboris
296 3738 456 3820 poscunt,
482 3728 705 3819 praecipuum
721 3729 931 3818 maximeque
947 3729 1168 3796 necessarium
1189 3731 1256 3797 exi-

150 3833 315 3917 stimatur,
341 3840 378 3898 ut
391 3840 485 3898 recto
506 3831 580 3919 quis
598 3841 708 3899 utatur
729 3831 872 3915 iudicio,
900 3833 969 3900 sine
991 3853 1058 3920 quo
1079 3831 1133 3898 vel
1155 3833 1256 3902 uber·

148 3935 233 4002 rima
245 3935 404 4003 materiae
421 3934 539 4024 copia,
561 3942 734 4027 tamqnam
745 3935 832 4004 iners
848 3945 883 4003 et
897 3933 990 4002 rudis
1004 3935 1128 4021 moles,
1155 3959 1257 4007 caeca

234 4231 262 4316 *)
288 4233 393 4298 Editae
413 4244 485 4297 sunt
505 4256 534 4298 a.
557 4238 648 4304 1828.
