2918 4890
208 276 273 340 222
603 272 972 335 EMENouurouns

210 465 316 534 altera
344 465 378 532 in
409 464 624 556 oppositione
648 486 714 554 per
736 466 917 556 particulas
936 466 1006 556 μέν
1028 473 1064 533 et
1089 467 1127 539 δέ·
1157 467 1316 557 indicata,

209 592 298 659 quae
314 567 370 635 hic
386 567 460 636 talis
479 576 578 656 esset,
604 577 641 636 ut
653 567 747 636 idem
762 569 825 637 sibi
838 571 951 661 ipsum
965 581 1206 662 opponeretur.
1239 570 1316 642 Nisi

208 672 325 758 fallor,
351 671 433 739 nihil
456 670 514 738 hic
531 669 644 756 deest,
670 671 733 739 sed
750 675 863 742 vitiata
887 682 938 740 cst
955 674 1131 764 scriptura.
1183 675 1316 743 Remo-

208 777 294 845 verit
310 775 405 863 vitia,
430 775 490 864 qui
503 775 689 867 scripserit:

259 928 401 1049 κυανέη
405 927 475 1020 μέν
491 925 653 1057 ὕπερθεν
667 921 955 1022 υίναθρωσκουσα
970 921 1106 1001 θύελλα

262 1023 421 1125 ου’ρανόν
434 1027 620 1156 ὀρφναίων
636 1031 760 1103 ἑλίκων
774 1024 930 1116 ίζοίσατο
950 1031 1088 1124 δεσμῷ,

260 1130 369 1229 εἶθαρ
386 1127 661 1228 ὀμιχλήεντος’
637 1161 689 1206 απ
694 1130 1013 1262 ἠέροῳμβρον
999 1139 1103 1206 ιεῐσα.

259 1230 414 1332 ἐκλύσθη
430 1232 506 1309 ‹l’‘'
479 1263 551 1309 υνιο
569 1231 702 1318 πόντος
716 1239 961 1333 ἐρεσσομένων
977 1231 1146 1332 ἐρετάων

99 1474 104 1485 ,
208 1383 349 1465 Θυελλα
367 1388 468 1456 etiam
482 1389 647 1458 Graelio
637 1412 671 1456 ιιι
686 1398 835 1458 mentem
849 1389 948 1458 venit
1000 1388 1162 1457 Vltimum
1178 1412 1311 1457 versum

205 1503 244 1563 ut
267 1494 314 1560 sio
344 1492 559 1560 scribendum
581 1501 717 1585 putem,
751 1493 842 1560 hanc
868 1492 1032 1559 rationem
1053 1492 1184 1582 habeo,
1217 1495 1311 1581 quod

206 1595 388 1682 coluthus,
414 1596 442 1662 si
464 1596 558 1663 scivit
573 1596 657 1685 quid
678 1596 884 1687 significaret
904 1596 946 1667 ‹le'
958 1622 1019 1682 τε,
1046 1618 1115 1662 non
1138 1596 1248 1687 potuit
1273 1597 1310 1663 id

204 1699 361 1768 scribere.
415 1692 634 1787 Omninoque
657 1698 751 1790 apud
770 1698 869 1766 huius
888 1706 999 1764 sectae
1018 1707 1137 1789 poetas
1156 1721 1308 1789 perraro,

205 1803 409 1890 sinsquam,
434 1800 496 1869 has
517 1801 698 1894 particulas
718 1800 813 1893 iungi
834 1799 967 1868 videas:
993 1823 1105 1890 neque
1129 1801 1164 1868 id
1186 1801 1310 1868 mirum

203 1906 238 1974 in
259 1904 328 1973 hoo
349 1903 412 1972 stili
428 1926 565 1996 genere.
619 1905 736 1990 Quare
753 1903 913 1992 viderint,
941 1904 999 1993 qui
1019 1904 1114 1995 apud
1131 1903 1308 1995 Tryplrio-

205 2010 328 2078 dorum
342 2030 373 2078 v.
388 2003 475 2075 53⁰.
502 2013 543 2078 οἲ
556 2008 598 2081 δέ
615 2009 656 2080 τ’
671 2009 841 2104 ἔλειφθεν
862 2007 962 2074 scribi
982 2009 1176 2094 voluerunt,
1198 2029 1308 2099 expu-

203 2113 344 2183 leriutne
364 2109 481 2179 vitium
499 2133 543 2177 an
563 2111 742 2183 intulerint.
798 2109 917 2196 Certe,
944 2110 971 2177 si
990 2113 1199 2207 ἑλέλειφθεν
1217 2111 1308 2179 ferre

203 2216 348 2302 nollent,
374 2215 475 2283 satius
492 2222 564 2282 erat
576 2211 798 2309 ιλιιέλειφθεν
812 2214 970 2282 scribere.

230 2389 233 2394 ·
305 2367 347 2435 V.
363 2365 450 2434 233.·
463 2365 642 2435 Bekkerus
658 2390 678 2434 e
693 2366 767 2437 cod.
783 2365 871 2434 Mut.
888 2366 1013 2459 opinor
1022 2365 1117 2434 dedit
1129 2365 1305 2462 κυνέῃσιν.

151 2479 153 2484 ’
201 2469 345 2543 lulianus
360 2491 403 2536 ex
417 2470 609 2538 coniectura
622 2492 690 2536 non
704 2472 793 2538 male
806 2470 986 2566 κυνέῃφιν.
1019 2470 1167 2562 Vulgata
1181 2470 1306 2566 κυνέη-

202 2581 272 2647 θσν
287 2573 314 2641 εἰ
328 2595 408 2641 vera
421 2581 489 2657 est,
517 2573 754 2665 coniungenda
774 2581 825 2640 est
839 2596 916 2641 cum
931 2569 1195 2647 ἀναστέλλοιεν.

304 2725 345 2795 V.
360 2722 446 2794 235.
473 2723 620 2794 Mirifice
639 2727 725 2820 lapsi
740 2735 864 2795 suntet
884 2726 1029 2795 lulianus
1046 2735 1079 2794 et
1098 2749 1218 2795 censor
1234 2728 1305 2796 eius

200 2830 517 2923 Heidelbergensis,
543 2830 601 2919 qui
615 2831 709 2920 quod
722 2833 757 2898 in
772 2831 879 2898 altero
892 2831 1128 2898 Parisiensium
1142 2831 1304 2923 scriptum

78 2925 81 2933 Α
202 2943 253 3003 est
274 2928 483 3029 σίναετήρων
499 2942 534 3001 ct
547 2957 650 3024 supra
664 2928 749 3018 κτό,
774 2933 1008 3026 reponendum
1027 2934 1214 3001 iudicarunt
1234 2961 1303 3027 ιρι-

200 3035 375 3120 λοξείνοιο
391 3034 556 3116 ἄνακτος.
597 3037 686 3104 Nam
699 3037 754 3105 vel
770 3046 928 3105 accentus
942 3047 1128 3105 monstrare
1143 3037 1302 3120 debebat,

202 3140 401 3232 scripturam
420 3161 524 3228 quam
551 3162 654 3231 supra
675 3139 841 3233 posuisset
861 3141 896 3208 in
917 3140 1036 3209 codice
1054 3142 1113 3210 illo
1136 3140 1301 3227 librarius,

168 3271 170 3276 ’
199 3265 268 3312 uon
283 3240 436 3322 ἄνακτος
449 3241 571 3328 fuisse,
601 3243 663 3311 sed
678 3236 899 3343 σίνακτέρων.

300 3396 343 3464 V.
366 3392 452 3463 242.
478 3395 728 3482 limitationes,
756 3420 844 3488 quae
868 3397 993 3464 multae
1020 3419 1233 3490 magnaeque
1255 3397 1301 3464 de

198 3497 265 3566 hoc
284 3499 362 3568 loco
379 3507 598 3591 motmunt,
624 3501 799 3593 praeclare
822 3501 1011 3592 composuit
1031 3501 1204 3587 Graefins,
1231 3527 1300 3571 κυ-

199 3603 334 3698 σαμένη
346 3601 580 3694 repouendum
594 3626 753 3690 monens,
778 3603 882 3671 modo
901 3627 945 3672 ne
966 3612 1174 3672 attrectasset
1194 3625 1300 3694 prae·
1412 3693 1415 3699 .

109 3701 114 3715 ’
198 3704 352 3773 cedentia
373 3728 404 3773 v.
431 3703 517 3776 239.
568 3707 662 3774 Nihil
683 3707 772 3775 enim
794 3709 913 3775 certius
936 3730 1037 3796 quam
1057 3698 1300 3800 παραννυίψας

198 3806 232 3874 iu
255 3810 369 3876 medio
388 3809 536 3901 positum
552 3832 642 3896 esse,
669 3819 706 3877 nt
719 3811 761 3876 sit
780 3806 1005 3905 deflectens?
1030 3809 1075 3877 ad
1095 3806 1298 3905 Καρνείοιο

195 3905 393 3986 Ὑακίνθου
412 3922 524 3982 autern
537 3913 646 4006 repeti
664 3912 789 3983 debere
807 3908 1007 4012 θηεύμενοι
1021 3909 1124 3994 εἶδος.

298 4063 340 4132 V.
363 4064 449 4136 247.
475 4067 543 4136 Hie
564 4089 701 4158 quoque
716 4076 809 4135 recte
826 4066 909 4135 nrihi
924 4066 1056 4136 videtur
1070 4065 1226 4134 Graelius
1242 4063 1298 4132 di·

145 4165 379 4254 llluiuasse,
369 4192 405 4237 m
415 4171 577 4258 mendosa
593 4170 670 4238 cod.
686 4169 773 4240 Μαι.
785 4171 951 4264 scriptura
963 4165 1106 4241 latere
1081 4162 1298 4266 αγχινιόροι·

196 4293 252 4343 uc:
278 4271 372 4363 qnod
383 4274 644 4378 praeferendum
658 4274 826 4369 vulgatae.
