2918 4890
461 273 935 336 DISSERTATIO.
1185 278 1249 341 28⁸

150 463 352 555 Hesychius,
377 487 412 556 p.
429 457 515 534 528.
542 458 749 558 deiiceret
770 460 984 553 (Favorinus,
1009 473 1047 531 ut
1064 465 1248 535 litterarum
1367 490 1370 497 ·

152 566 237 634 ordo
252 568 444 658 postulabat
464 560 710 662 ἅρθρῦσανοι)
737 559 981 661 ἅποσχήματα
1002 564 1061 638 καὶ
1078 564 1246 660 ἀποβλα-

152 663 339 764 στήματα,
365 680 399 738 et
419 694 456 761 p.
481 668 567 737 522.
590 662 832 763 ᾰριθύσανοι,
858 665 1016 762 ἡνίοχοι,
1043 671 1101 738 ubi
1121 672 1248 740 littera-

151 795 226 840 rum
245 773 330 841 ordo
350 773 487 862 requiiit
509 766 759 869 ἁρειθύσανοι.
811 771 989 862 Ingeniose
1013 774 1192 843 Passovius
1214 777 1249 843 in

151 875 258 942 lexico
274 875 476 944 Germanica
495 876 632 968 degere,
660 872 910 967 degenknopf,
936 874 980 952 de
995 876 1136 946 fortibus
1159 879 1249 946 dicte

152 988 335 1069 comparat.
389 978 490 1047 Certe
511 977 651 1073 ἡνίοχοι
665 1001 733 1045 non
755 986 948 1068 suspectum
959 978 1108 1068 videtur,
1136 983 1164 1049 si
1185 983 1248 1050 isio

151 1083 284 1150 nomine
300 1082 395 1171 qu'asi
410 1081 528 1150 Martis
542 1081 750 1173 appendices
768 1081 1001 1172 significantur.

254 1174 359 1270 Quod
380 1185 598 1254 Antiatticista
617 1186 651 1252 in
670 1183 821 1252 Bekkeri
840 1183 1023 1252 Anecdotis
1045 1207 1081 1275 p.
1105 1181 1192 1270 116,
1212 1184 1247 1254 i.

151 1287 340 1377 adnotavit,
367 1281 476 1383 χερσὰ
484 1342 499 1377 ,
525 1281 574 1360 soi
589 1281 643 1384 μή
658 1278 926 1381 γεωργρύμενα-·
948 1281 1128 1377 Αἰσχύλος
1142 1293 1248 1382 Προ-

150 1397 283 1488 μηθεῖ,
310 1414 378 1460 non
403 1390 512 1459 solum
534 1400 647 1459 utrum
664 1411 706 1458 ex
728 1384 848 1458 so'luto
864 1413 908 1457 an
930 1413 972 1457 ex
988 1389 1138 1482 lgnifero
1161 1392 1247 1458 Pro-

151 1495 287 1563 metheo
307 1496 450 1586 petitum
471 1503 559 1563 esset
577 1496 741 1562 incertum
763 1502 883 1583 putere
902 1493 1049 1561 debebat
1071 1491 1250 1561 Blomfiei-

152 1597 225 1665 dius
236 1599 270 1665 in
285 1599 448 1689 glossario
459 1597 503 1664 ad
517 1599 696 1665 Persarum
707 1618 741 1668 v.
755 1592 817 1662 64.
826 1596 887 1663 sed
902 1595 1046 1664 dubitari
1061 1596 1161 1664 etiam
1170 1605 1250 1688 pet-

152 1710 242 1784 eret,
268 1724 311 1769 an
324 1701 358 1769 in
374 1701 484 1770 Vincti
498 1701 576 1770 loeo
591 1723 633 1769 eo
649 1698 708 1792 qui
720 1698 887 1768 intercidit
902 1700 1064 1793 scriptum
1081 1699 1205 1769 fuisset.
