2918 4890
517 237 601 300 LlB.
623 237 678 303 111.
719 236 819 300 cle.
840 238 872 302 li.
1202 237 1267 300 lto

153 429 433 500 existimaturos
457 427 537 520 quis
553 423 687 522 putet?
716 427 765 496 Et·
781 425 878 520 apud
893 423 1107 494 Andocidem
1122 447 1161 517 p.
1177 423 1264 496 131.
1298 483 1302 490 .
1325 440 1326 443 ’

155 533 260 624 (184.
288 528 325 627 §
343 530 421 622 36.)
448 529 568 604 καίτοι
592 528 638 605 οὐ
658 523 796 628 δήπου,
823 524 1094 624 οἷἈθηνοιῖοι,
1122 525 1282 624 ὀστρα-’

154 635 329 733 κισθῆναι
351 635 420 728 μὲν
450 627 652 731 ἐπιτήδειός
675 636 750 727 εἰμι
759 688 773 722 ,
799 625 980 707 τεθνάναι
1000 631 1040 704 δὲ
1061 626 1127 704 ndu
1151 631 1263 723 ἄξιος,

155 736 240 813 οὐδὲ
269 735 481 834 κρινόμενος
504 737 574 828 μὲν
597 739 800 832 ἀποφυγεῖν
808 791 822 824 ,
857 734 1004 829 ἄκριτος
1032 728 1262 828 disparium·

1068 829 1077 855 Ι

155 840 177 915 ὁ
192 843 231 915 δὲ
252 835 471 919 τοσαυτάκις
485 832 746 932 ἀγωνιζόμενος
760 842 903 917 δικαίως
917 835 977 907 tat
995 863 1141 932 νιιιησας
1153 831 1264 911 πάλιν
1396 915 1401 931 x

155 938 302 1037 δόξαιμι
324 939 376 1016 δι’
393 947 510 1016 ἐκεῖνοι
535 946 695 1016 imantia
701 959 716 1032 ‚⁶
740 943 820 1010 Νοπ
839 948 1021 1010 mutassent
1042 939 1105 1008 viri
1128 939 1219 1008 docti
1243 938 1265 1015 ὁ

35 1102 36 1107 1
155 1048 193 1120 δὲ
207 1048 241 1116 in
261 1042 357 1134 ου’δέ,
377 1069 421 1114 ne
443 1043 584 1135 quidde
602 1044 737 1114 Sluiteri
753 1055 876 1113 conatu
897 1043 1020 1134 dicam,
1047 1041 1075 1111 si
1094 1043 1266 1133 ¹vidissent,

155 1160 329 1242 postrema
340 1151 446 1218 verba
458 1171 522 1241 per
536 1148 834 1242 interrogationem
848 1147 1015 1240 proferri
1040 1146 1112 1216 Sed
1125 1147 1160 1214 in
1173 1147 1265 1216 Ero-

154 1255 221 1322 tico
245 1252 467 1322 Demostheni
491 1252 617 1320 tributo
640 1275 676 1342 p.
701 1251 821 1331 14⁰4,
846 1251 904 1320 lt.
930 1249 1026 1340 quod
1046 1250 1186 1342 legitur,
1211 1250 1268 1346 τῷ

105 1425 115 1449 ,
154 1351 224 1450 yoip
242 1349 401 1429 εἰκάσειέ
417 1381 473 1436 τις
489 1354 655 1453 θνητῶν,
683 1353 706 1426 δ
730 1348 923 1428 ἀθάνατον
947 1358 1024 1433 τοῖς
1045 1351 1186 1427 ἰδοῦσιν
1210 1357 1266 1451 ὁρ·

154 1453 304 1552 ydram
319 1452 441 1530 πόθον
449 1484 463 1548 ,·
489 1457 551 1526 etsi
562 1467 658 1526 recte
672 1457 799 1526 dictum
815 1467 866 1526 est
878 1456 947 1525 hoc
961 1478 1070 1543 sensu,
1091 1455 1151 1525 cui
1165 1479 1266 1525 cour-

149 1571 380 1657 puruturum
399 1561 479 1653 quis
491 1556 628 1654 putet?
652 1569 765 1630 tamen
780 1583 848 1630 non
866 1559 1098 1629 contenderim
1121 1582 1191 1628 non
1207 1568 1267 1630 aut

155 1667 320 1757 scriptum
334 1686 408 1733 esse
422 1685 500 1732 cnm
514 1664 681 1756 particula
694 1662 758 1744 ἄν,
785 1674 843 1733 aut
857 1664 1008 1756 potuisse
1021 1663 1129 1732 scribi.

259 1767 371 1836 Multo
390 1767 558 1837 difficilius
578 1767 740 1836 iudicium
763 1776 816 1836 est
836 1768 880 1837 de
895 1768 934 1836 iis
957 1766 1058 1854 locis,
1082 1767 1119 1834 in
1144 1767 1266 1858 quihus

156 1872 228 1941 sine
244 1871 507 1963 interrogatione
525 1869 634 1940 nudus
648 1872 780 1963 positus
797 1881 850 1942 est
869 1870 1051 1963 optativus,
1078 1871 1173 1959 quod
1191 1871 1266 1941 fere

129 2059 133 2067 ι
156 1985 225 2043 tam
238 1983 339 2043 tenue
354 1997 394 2042 ac
409 1976 530 2044 subtile
545 1974 723 2043 ducdmen
740 1984 810 2058 est,
836 1984 874 2044 ut
888 1996 957 2042 non
971 1974 1114 2041 multum
1127 1975 1267 2060 intersit,

156 2087 270 2146 utrum
285 2077 429 2146 addatur
447 2076 493 2151 du
508 2100 551 2147 an
561 2077 739 2146 omittatur.
765 2079 955 2170 Reisigium
968 2076 1106 2165 quidem
1120 2078 1155 2144 in
1168 2077 1267 2148 huius

156 2182 292 2250 rationis
307 2180 530 2273 ¹explicatione
543 2181 588 2250 ita
602 2205 623 2248 a
638 2203 720 2250 vero
736 2183 914 2250 aberrasse
932 2189 1037 2273 puto,
1062 2188 1101 2248 ut
1112 2179 1207 2270 quod
1222 2180 1268 2250 de

157 2284 273 2352 addita
300 2279 466 2375 particula
499 2283 568 2352 dici
592 2283 758 2370 debebat,
796 2284 842 2353 ad
873 2285 1029 2354 omissam
1055 2284 1268 2353 transtulerit

159 2389 271 2473 Quam
295 2388 384 2456 enim
415 2386 640 2455 conditionem
667 2386 921 2482 intelligendam
949 2387 1129 2474 existimat,
1163 2409 1269 2477 quum

158 2491 281 2559 omissa
301 2499 352 2559 est
372 2491 558 2581 particula,
584 2513 626 2558 ea
647 2513 717 2559 non
740 2492 802 2560 nisi
821 2514 930 2583 quum
953 2491 1106 2560 ndditum
1128 2499 1179 2560 est
1207 2488 1270 2568 nir,

157 2594 296 2686 intelligi
314 2603 445 2685 potestz
472 2595 499 2663 si
516 2593 655 2684 quidem
671 2596 808 2664 omnino
822 2594 911 2664 hanc
925 2595 1068 2664 vidimus
1081 2595 1169 2662 illius
1185 2617 1271 2689 par·

158 2698 279 2764 ticnlae
299 2705 450 2764 naturam
463 2719 553 2780 esse,
580 2706 616 2764 ut
632 2697 677 2766 ad
692 2698 918 2768 conditionem
931 2699 1079 2791 aliquam
1093 2697 1270 2769 referatur.

158 2800 210 2867 lta
225 2822 329 2890 quum
344 2799 427 2868 illud
442 2798 579 2867 Moschi
590 2799 616 2868 Ι.
632 2797 667 2870 6.

211 2969 289 3042 ἔστι
300 2964 341 3043 δ’
357 2965 474 3052 ὀπαῖς
488 2967 702 3067 περίοαμος·
728 2968 1000 3047 stomomate
1016 2960 1157 3063 udum
1169 2992 1243 3060 νιν,

159 3140 207 3208 sic
221 3139 479 3232 interpretatur:
501 3139 598 3211 inter
616 3133 760 3232 quosvis
783 3141 916 3234 viginti
936 3140 1080 3230 noscas,
1103 3141 1137 3212 si
1159 3141 1271 3212 modo

158 3264 313 3312 noscas:
339 3265 408 3311 non
424 3243 665 3332 animadvertit,
691 3244 727 3312 id
745 3244 1043 3314 dicendumfuisse
1056 3239 1196 3338 μάθοις
1213 3242 1269 3339 ἄν.

159 3347 247 3414 Nam
272 3346 300 3414 si
322 3345 357 3413 in
378 3345 471 3414 nudo
497 3348 648 3440 optativo
671 3371 712 3416 ea
733 3371 836 3438 quam
857 3349 939 3426 vult¹
953 3348 1113 3417 sententia
1136 3348 1283 3435 inesset,¹

159 3449 261 3540 plane
291 3449 381 3517 aliud
405 3449 539 3517 dixisset
560 3449 725 3520 Moschus
753 3475 855 3542 quam
879 3450 1025 3520 volebat
1077 3452 1156 3520 Non
1181 3442 1271 3519 enim

160 3551 358 3640 certissime,
386 3552 447 3621 sed
463 3553 490 3620 si
504 3553 574 3621 fors
588 3554 655 3621 fert
667 3554 831 3639 noscitur,
858 3555 916 3645 qui
930 3555 1096 3642 noscitur,
1123 3553 1271 3622 simodo

159 3656 316 3725 noscitur.
368 3656 473 3746 Atqui
492 3654 656 3726 Moschus
674 3657 920 3751 nonfurtasse
934 3680 1070 3728 noscas
1085 3656 1272 3753 Amorem,

95 3818 98 3824 .
161 3758 222 3826 sed
248 3780 383 3828 noscas
410 3760 538 3852 opinor
556 3754 677 3829 ¹dicere
698 3762 812 3830 voluit
862 3761 936 3832 sed
966 3784 1051 3853 quos
1073 3761 1108 3829 in
1130 3761 1271 3850 laqueos

161 3883 236 3929 sese
268 3863 472 3954 implicuerit
503 3863 672 3957 Reisigius
701 3865 759 3934 illa
788 3888 891 3956 quam
925 3864 1103 3957 proposuit
1133 3865 1272 3951 ratione,

161 3967 372 4056 apertissime
385 3952 546 4058 cognosci
564 3975 679 4059 potest
693 3991 735 4038 ex
747 3968 798 4055 iis,
824 3991 912 4059 quae
925 3991 962 4062 p.
977 3966 1063 4040 1³0.
1076 3967 1169 4060 dicit,
1195 3967 1273 4036 llo-

161 4069 324 4138 mericum
339 4069 423 4138 illud
434 4067 531 4141 Iliad.
547 4069 679 4164 ⁸·.3⁰3·
767 4126 769 4132 .

422 4239 517 4336 μέγα
531 4240 655 4340 ἔργον,
682 4235 765 4316 doti
782 4235 846 4316 dio
863 4236 901 4336 γ’
921 4237 1032 4340 ἄνδρε
1049 4241 1210 4341 φέροιεν,
