2918 4890
163 264 250 348 ἰιι
520 279 580 341 σε
614 279 884 342 rnnrrcvni
915 275 965 346 ει

189 498 248 546 σιν
263 497 317 568 ειη
337 474 456 545 ποιεῖν
479 468 505 542 ἀ
529 474 788 566 προκαλεῖται,
814 469 903 544 ἄνευ
918 468 1148 571 Αθηναῖοι·
1176 476 1300 554 παῖδες

189 601 259 671 γαρ
289 572 389 667 σφαῖν
410 572 470 644 xci
491 579 654 692 γοναῖιρες
677 600 753 668 παρ
789 570 913 655 αὐτοῖς
935 578 1067 671 εἴησαν.
1103 576 1299 668 Xenophon

188 678 278 750 Hiet.
297 676 357 745 Gr.
376 675 435 743 lll.
455 675 490 763 2,
514 671 620 748 23.’
595 679 895 773 αποιιριναμὲνων
916 678 1026 752 δὲ
972 707 1046 752 των
1069 674 1264 753 Ηλειων
1241 707 1299 752 οτι

189 776 234 853 οὐ
255 771 447 874 ποιήσαιεν
468 778 605 851 ταῦτα·
640 783 823 876 ἑπιληιδας
848 807 918 876 γαρ
941 782 1059 871 ἔχοιεν
1079 810 1145 862 τας
1167 776 1297 862 πόλεις.

188 882 277 952 Vide
297 880 595 972 Antiphontemp.
611 879 696 950 m
721 893 755 951 et
771 883 948 953 Demostir
970 907 1005 975 p.
1026 880 1086 970 15,
1102 884 1161 952 22.
1184 883 1298 969 1220,

189 985 250 1060 ll.
273 1008 366 1075 seqq.
393 985 492 1051 Plato
515 985 636 1077 Symp.
653 1008 691 1078 p.
714 985 801 1059 201.
824 986 868 1059 A.
919 987 997 1055 Alia
1018 935 1114 1056 deriit
1131 987 1298 1056 Matthiae

185 1112 238 1184 gr.
255 1089 316 1159 Gr.
333 1083 368 1183 §.
386 1085 474 1161 529.
491 1098 560 1159 not.
576 1086 611 1161 3.

235 1240 448 1414 64{ceneda
476 1242 586 1312 forma
618 1242 878 1338 interrogatione
911 1243 1107 1313 continetur.
1169 1240 1295 1334 Odyss.

185 1351 217 1422 δ,
313 1396 321 1414 ,
689 1392 693 1404 .

655 1492 806 1573 δύναιτό
818 1528 859 1593 γε
874 1497 933 1572 ιιαῖ
947 1493 994 1573 vri
1009 1500 1175 1575 τελέσσαι
1182 1528 1196 1593 ,·

186 1654 208 1727 i.
223 1676 253 1722 e.
267 1659 440 1747 putemne
454 1673 534 1721 cum
554 1651 650 1721 adeo
664 1652 734 1735 λισσ
750 1675 881 1722 aueum
895 1649 1005 1722 esee?
1028 1653 1092 1722 Est
1108 1654 1196 1723 enim
1210 1653 1296 1724 hacc

186 1758 296 1826 forma
307 1756 394 1840 talis,
420 1765 458 1823 ut
473 1757 671 1833 sententiam
687 1757 873 1848 cuiuspiam
887 1756 1040 1846 exquirat
1059 1757 1103 1826 de
1125 1781 1177 1845 ec,
1203 1760 1296 1848 qnod

185 1869 280 1931 recta
290 1861 441 1928 oratione
453 1883 518 1952 per
532 1859 748 1929 indicativum
763 1860 915 1948 dicimus,
938 1855 1093 1932 δύναται
1108 1862 1222 1934 τοῦτο
1235 1890 1295 1935 τε-

144 2042 153 2057 ,
185 1965 308 2038 λέσσαι
316 1991 331 2055 ,·
355 1963 410 2031 De
422 1962 491 2032 hnc
509 1986 637 2056 genere
656 1964 746 2033 bene
767 1963 947 2056 explicavit
961 1963 1131 2056 Reisigius
1144 1965 1178 2032 in
1200 1989 1292 2034 corn-

184 2066 387 2156 mentatione
400 2066 444 2135 de
460 2065 507 2139 ἄν
524 2069 692 2159 particula
703 2092 739 2161 p.
758 2064 846 2140 132.
866 2091 962 2157 seqq.

287 2170 406 2239 Tertia
420 2170 532 2238 forma
553 2195 595 2240 ea
611 2181 680 2257 est,
708 2194 797 2265 quae
813 2194 880 2264 pro
901 2169 1100 2256 indicativo,
1127 2193 1205 2240 cum
1225 2171 1295 2239 aliis

183 2275 294 2344 verbis
310 2275 454 2342 inrecta
474 2275 626 2344 oratione
645 2284 837 2344 constructo
853 2275 1041 2368 optativum
1058 2273 1174 2344 habet.
1227 2274 1295 2343 So·
1337 2281 1339 2285 ’

181 2377 325 2470 phocles
340 2376 427 2444 Phil.
444 2375 530 2448 610.

287 2527 325 2608 ὃς
344 2521 406 2647 δή
405 2554 455 2600 τα
472 2556 495 2600 τ
501 2523 611 2600 ''u‘tt
626 2523 770 2601 αὐτοῖσι
787 2556 884 2602 παντ
889 2525 1107 2603 ἐθέσπισεν
1116 2584 1129 2618 ,

286 2658 344 2703 ναι
358 2624 447 2702 τοῖσι
439 2629 583 2756 Τρρῖρι
594 2627 801 2755 πέργαμ’“
774 2659 818 2712 ως
834 2627 878 2704 οὐ
890 2625 943 2728 μή
955 2658 1046 2704 ποτε

238 2735 454 2830 πέρσσιεν
464 2782 476 2820 ,
503 2736 538 2806 εἰ
549 2761 601 2830 μη
594 2727 731 2806 τόνδε
747 2761 934 2815 πεισαντες
949 2727 1071 2857 λόγῳω

286 2864 437 2930 αγοιντο
452 2829 563 2933 νήσου
580 2832 680 2934 τῆςδ
687 2885 698 2924 ,
731 2865 776 2933 εφ
812 2833 852 2934 ἧς
867 2837 961 2911 ναίει
977 2835 1102 2910 τανῦν

182 2989 272 3058 Nam
294 2997 408 3058 rectae
425 2991 582 3058 orationis
601 2998 691 3074 erat,
719 2986 764 3070 αῖς
784 2986 828 3062 οὐ
844 2983 1002 3086 μήποτε
1017 2989 1230 3086 πέρσουσιν,
1261 2988 1297 3057 εἰ

43 3136 51 3147 .
181 3085 235 3187 μή
251 3089 415 3186 ἄγονται.
467 3077 515 3162 Et
530 3092 598 3162 hoc
616 3092 754 3184 quidem
768 3115 897 3186 genere
891 3092 993 3162 nihil
1007 3091 1215 3182 frequentius
1233 3098 1293 3159 est.

182 3192 307 3288 odyss·
321 3223 347 3269 ε.
362 3192 449 3267 232.

970 3327 1108 3454 ἤρχεθ’
1124 3329 1226 3457 ὁδοῖο

283 3427 395 3557 νὴροο
411 3429 472 3507 ἐπ’
473 3433 673 3560 ἑσχατιρς,
700 3432 767 3510 ὅθι
776 3436 938 3562 δένδρεα
986 3461 1079 3531 αιιρα
1093 3463 1258 3529 neqeunt,

283 3531 482 3666 ’νλήθριρ’
442 3565 465 3608 τ
496 3533 654 3633 αἴγειρός
669 3567 693 3611 τ
700 3533 885 3663 ελατη’
846 3566 870 3611 τ
901 3462 1225 3663 ἦνλύρανομήιιης,

285 3668 358 3713 ανα
373 3633 508 3730 παλαι,
535 3639 728 3738 περίκηλα,
756 3670 805 3715 τα
824 3669 859 3714 οι
851 3634 1028 3714 “πλωόιεν
1040 3642 1211 3738 ἐλαφροῖς.

185 3789 292 3890 Quae
300 3790 424 3885 facile
442 3801 582 3863 natare
603 3793 782 3862 crederet.
833 3792 914 3863 Hoc
930 3791 1068 3881 quidem
1086 3793 1165 3861 loco
1191 3795 1290 3862 etiarn

181 3917 249 3988 pro
267 3897 478 3966 coniunctivc
497 3905 612 3965 rectae
627 3897 784 3965 orationis
798 3895 928 3986 positus
942 3894 1049 3963 videri
1065 3904 1178 3987 potest
1191 3907 1291 3990 opta-

182 3998 285 4083 tivus,
312 3999 497 4088 siquidem,
522 4007 561 4068 nt
583 4004 686 4092 supra
706 3998 931 4085 ostendimus,
957 3999 1000 4066 ab
1014 3999 1200 4068 Homerico
1217 4025 1289 4069 ser-

169 4124 284 4172 vmone
302 4124 371 4172 nen
399 4101 561 4171 abhorret
581 4103 647 4171 dici
668 4101 694 4175 ὁὶ
713 4095 898 4186 πλοίοισιν,
923 4101 959 4170 id
979 4111 1018 4169 ut
1043 4104 1085 4172 sit
1111 4103 1155 4171 de
1177 4105 1289 4171 consi-

181 4205 227 4274 lio
243 4205 389 4291 dictum,
417 4226 512 4298 quae
530 4215 673 4294 nutent,
698 4214 822 4298 prout
842 4227 888 4274 eu
902 4215 1041 4280 cautent.
1094 4207 1289 4275 Herodotus

182 4309 209 4382 1.
224 4307 284 4379 31.
300 4306 346 4392 cic
359 4307 399 4384 ct
415 4302 510 4382 νατοῖ
523 4301 591 4382 τόν
614 4311 747 4386 Τέλλον
764 4308 1020 4407 προετρέψατο
1037 4305 1058 4382 ὁ
1076 4307 1206 4384 Σόλων
1221 4304 1289 4383 τόν
