2918 4890
194 231 257 293 l'tss
394 152 403 183 '
528 223 589 283 DE
627 216 976 286 PARTiCVdev

298 407 394 510 riori
419 407 464 509 δή
495 405 650 532 Ῥὴοους
705 412 785 485 ΟΔ.
807 410 1003 535 κατέκτας.
1056 415 1178 488 ΧΟΡ.
1213 409 1306 488 ἄλλο

524 542 592 587 τον
615 541 815 587 κτονοννκα
843 539 893 586 σο.

304 620 385 691 ΟΔ.
411 619 490 708 ἴσχε
516 618 585 698 πᾶς
609 643 676 693 τις·
726 621 848 690 ΧΟΡ.
876 612 920 689 ori
945 615 1015 708 μ’ἑν
1041 612 1117 690 οὖν.
1162 620 1243 692 ΟΔ.
1268 617 1304 705 οἱ,

525 718 648 814 φίλιον
674 716 790 816 ἄνδρα
816 712 870 816 μή
896 725 1040 817 donnica

193 874 341 944 Mutum
358 872 401 940 as
416 871 470 940 ns
490 870 603 940 nonen
616 871 699 939 nnn
712 871 860 939 erasos
875 872 909 939 n
925 871 1035 940 Arois.
1052 871 1080 944 1.
1099 895 1136 963 p.
1154 846 1239 939 1'22.
1260 873 1303 941 o.

195 983 227 1051 εἰ
250 973 287 1050 δ’
304 972 352 1048 ori
365 1004 402 1047 τι
425 974 484 1046 καὶ
503 971 648 1068 πλούτῳ
664 975 844 1068 προςέχυις
861 974 921 1047 καὶ
936 969 1032 1047 κοινοῖ
1048 975 1160 1047 τοῦτο
1178 977 1247 1047 οἴει
1265 1002 1304 1047 τι

195 1078 304 1166 εἶναι,
330 1078 422 1176 μηδὲ
434 1078 546 1149 τοῦτο
561 1077 606 1150 oin
622 1076 710 1172 ἡμῖν
726 1075 884 1174 ἄρ’ρητον
897 1078 999 1159 ἔστω,
1026 1071 1089 1151 a'oiv
1103 1104 1175 1156 πως
1191 1080 1304 1174 αἴσθῃ

194 1180 240 1258 οὗ
259 1179 302 1256 ai.
330 1183 546 1270 Quamquam
563 1204 638 1249 eam
651 1181 850 1271 scripturam
864 1203 906 1247 ex
922 1180 1067 1249 editione
1084 1181 1304 1249 Laemariana

192 1295 421 1379 propagatam
437 1307 527 1371 esse,
554 1308 574 1352 a
587 1285 792 1352 Buttmanno
806 1285 969 1351 monitum
985 1294 1036 1352 est
1049 1284 1082 1351 in
1095 1284 1304 1375 praefatione

85 1438 89 1444 -
194 1390 239 1458 ad
254 1390 313 1462 lv.
330 1388 544 1478 dialogorum
559 1387 612 1455 ed.
629 1394 782 1476 quartam
794 1410 830 1476 p.
848 1386 906 1459 IV.
924 1411 1028 1477 quum
1043 1411 1151 1476 neque
1170 1387 1302 1455 codices

193 1516 257 1562 nec
277 1491 406 1582 priores
430 1489 509 1557 edd.
532 1487 577 1560 ἄν
599 1489 758 1560 habeant.
812 1489 884 1557 Sed
906 1490 1080 1558 fatendum
1108 1499 1302 1579 esttamen,

192 1596 342 1688 potuisse
362 1591 461 1679 addi,
487 1600 525 1658 ut
538 1591 632 1680 qnod
648 1615 715 1658 non
728 1589 774 1658 ad
794 1591 1046 1683 imperativum,
1073 1593 1133 1662 sed
1151 1593 1196 1662 ad
1213 1593 1303 1691 μηδὲ

193 1698 306 1770 τοῦτο
329 1696 504 1788 pertineat.
556 1695 661 1762 Plane
677 1696 723 1762 ita
744 1694 903 1783 loquutus
926 1694 1089 1788 Metopus
1111 1697 1205 1788 opud
1222 1698 1302 1766 Sto-

193 1801 316 1869 baenm
335 1799 362 1871 l.
386 1795 447 1870 64.
465 1823 503 1890 p.
520 1796 556 1883 7,
570 1796 630 1869 48.
656 1793 706 1870 ani
721 1797 759 1870 δὲ
782 1799 879 1869 εἴδεα
905 1794 1096 1878 αὐτοῖςκαὶ
1120 1794 1168 1871 τοὶ
1188 1802 1301 1895 μέρεα

195 1900 308 1983 οὕτως
323 1895 369 1974 κοί
384 1927 439 1980 τις
455 1895 663 1997 α’θρησυίτο.
716 1902 766 1968 Ita
780 1899 908 1969 editum
923 1924 944 1967 a
958 1900 1163 1969 Gnisfordio.
1215 1902 1300 1971 Cod.

81 2016 85 2021 '
193 2007 235 2076 A.
261 2004 331 2077 καί.
369 2004 484 2095 Vulgo
501 2000 614 2084 οὕτως
631 2001 677 2075 ἄν
692 2031 759 2084 τις.
801 2003 969 2072 Maximus
990 2004 1115 2094 Tyrius
1130 2005 1207 2073 diss.
1227 2006 1300 2073 vll.

194 2133 223 2176 e.
241 2107 277 2181 ἵ.
303 2131 340 2199 p.
364 2105 450 2179 116.
477 2106 532 2179 ed.
553 2106 671 2179 Reisk.
695 2105 761 2180 κᾶν
780 2104 894 2179 τοῦτο’
914 2133 970 2187 τις
993 2104 1095 2198 ὑμῶν
1113 2102 1160 2180 τό
1182 2102 1303 2188 πάθος

194 2207 392 2308 ζηλωσοίκω.
443 2208 540 2278 Male
559 2211 607 2278 ibi
626 2210 784 2278 Reiskius
802 2211 943 2278 coniecit
959 2205 1027 2282 κοίν
1047 2204 1177 2304 τούτῳ.
1227 2211 1302 2279 Re-

194 2315 355 2382 eentiores
376 2313 476 2380 etiam
499 2314 621 2380 omisso
644 2313 781 2400 τοῦτο,
814 2323 852 2380 nt
874 2313 1012 2382 Ttetzes
1036 2313 1080 2379 ad
1099 2313 1186 2404 Lyc.
1212 2313 1300 2387 424.
1328 2378 1331 2382 ,

86 2504 89 2520 Ι
196 2411 241 2487 ori
265 2415 303 2486 δὲ
329 2417 364 2485 εἰ
383 2415 497 2486 τοῦτο
523 2416 617 2505 μέγα
641 2407 808 2507 γράφεις,
840 2413 907 2486 κᾶν
928 2418 1007 2508 λέγε
1029 2413 1089 2488 ὅτι
1113 2411 1301 2489 insurdant

193 2514 348 2611 Ἀττικῇ
360 2517 454 2607 μέγα
477 2515 591 2588 τοῦτο
605 2511 804 2609 γράφεται·
833 2516 877 2583 de
896 2541 964 2606 quo
984 2519 1063 2585 loco
1082 2521 1210 2587 monuit
1227 2521 1301 2587 Lo-

192 2617 331 2687 beckius
346 2617 391 2684 ad
406 2617 533 2708 Phryn.
554 2642 589 2709 p.
606 2617 641 2686 9.
674 2619 745 2684 iam
758 2617 897 2686 indicari
911 2622 1036 2712 poterit
1051 2622 1152 2688 etiam
1168 2623 1212 2690 de
1227 2623 1300 2690 Xe-

171 2711 375 2813 nophontis
396 2722 507 2790 verbis
531 2721 641 2794 Anah.
664 2722 689 2789 Ι.
708 2720 743 2807 4,
764 2719 800 2788 8.
828 2717 912 2796 ἀλλ’
936 2717 1066 2795 ἰόντων
1091 2723 1136 2796 ἄν
1166 2719 1300 2806 εἰδότες

194 2821 254 2895 ὅτι
269 2823 411 2902 κακίους
432 2823 498 2897 εἰσὶ
515 2824 596 2920 περὶ
613 2822 706 2920 ήμυῒς
723 2821 858 2919 sisinnio
873 2825 955 2918 περὶ
974 2825 1137 2907 ἐκείνους.
1170 2828 1209 2895 ln
1224 2830 1300 2917 qui-

193 2928 256 2993 bus
273 2927 444 2994 Porsonus
462 2928 656 3016 quantocius
678 2927 863 2994 tollendum
885 2929 1013 2996 censuit
1029 2926 1094 3016 ἄν,
1123 2954 1224 3020 quem
1243 2955 1295 3000 se·

194 3028 287 3117 qunti
302 3038 377 3095 sunt
390 3029 452 3095 alii.
505 3029 552 3095 Et
567 3038 653 3096 esset
667 3028 870 3115 tollendum,
897 3032 925 3097 si
935 3031 1118 3122 pertineret
1133 3035 1178 3103 ad
1190 3036 1298 3125 impe·

193 3131 350 3198 nativum:
377 3130 439 3196 sed
459 3141 508 3198 est
530 3130 575 3197 ad
591 3125 723 3212 εἰδότες
743 3132 976 3218 referendum,
1011 3134 1114 3223 quodi
1127 3137 1255 3206 divisim
1271 3137 1298 3204 si

192 3232 278 3301 haec
294 3232 518 3316 mundasset,
545 3234 681 3302 dixisset
695 3227 824 3306 ἰόντων
844 3235 904 3307 καὶ
926 3237 1052 3307 εἰδεῖεν
1072 3235 1127 3309 ἄν.
1178 3242 1298 3309 Posset

193 3336 329 3404 defendi
358 3336 457 3403 etiam
482 3337 658 3412 infinitivus
683 3361 760 3405 enm
782 3336 828 3408 οἷν
857 3361 922 3429 pro
946 3339 1145 3430 imperativo
1166 3345 1296 3433 positus

192 3439 226 3506 in
247 3440 292 3506 H.
319 3439 482 3530 Stephani
505 3440 650 3508 editione
671 3439 838 3509 Herodoti
861 3441 920 3507 ΙΙΙ.
949 3439 1034 3509 155.
1075 3439 1232 3532 ἑχόντων
1258 3446 1296 3518 δὲ

192 3535 284 3632 μήτε
311 3547 347 3614 οἱ
370 3539 544 3637 πρότερον
568 3543 682 3640 μηδὲν
701 3544 774 3615 τοῖν
800 3536 1038 3632 ἀμυνούντων
1060 3540 1154 3640 μήτε
1178 3544 1294 3635 οὗτοι,

132 3734 135 3739 Ι
193 3637 283 3736 πλήν
301 3643 535 3737 ἐγχειριδίων·
562 3645 674 3716 τοῦτο
697 3645 735 3717 δὲ
754 3644 799 3716 ἄν
815 3647 919 3734 ἔχειν.
971 3646 1043 3716 Sed
1058 3647 1294 3738 hodieeditur,

192 3745 282 3814 nulla
294 3748 479 3838 scripturae
494 3746 684 3815 diversitate
698 3747 872 3836 adnotata,
899 3747 1011 3823 rodan
1029 3749 1068 3824 δὲ
1083 3751 1147 3826 ἐοῒν
1162 3754 1267 3844 ἔχειν.
