<?xml version="1.0" encoding="UTF-8"?>
<!DOCTYPE html PUBLIC "-//W3C//DTD XHTML 1.0 Transitional//EN"
    "http://www.w3.org/TR/xhtml1/DTD/xhtml1-transitional.dtd">
<html xmlns="http://www.w3.org/1999/xhtml" xml:lang="en" lang="en">
 <head>
  <title>
</title>
<meta http-equiv="Content-Type" content="text/html;charset=utf-8" />
  <meta name='ocr-system' content='tesseract 3.04.00' />
  <meta name='ocr-capabilities' content='ocr_page ocr_carea ocr_par ocr_line ocrx_word'/>
</head>
<body>
  <div class='ocr_page' id='page_1' title='image "./opuscula10hermgoog/opuscula10hermgoog_0346.png"; bbox 0 0 2918 4890; ppageno 0'>
   <div class='ocr_carea' id='block_1_1' title="bbox 295 236 1312 383">
    <p class='ocr_par' dir='ltr' id='par_1_1' title="bbox 295 236 1312 383">
     <span class='ocr_line' id='line_1_1' title="bbox 295 236 1312 383; baseline 0.02 -21"><span class='ocrx_word' id='word_1_1' title='bbox 295 236 451 369; x_wconf 75' lang='lat' dir='ltr'>samaa</span> <span class='ocrx_word' id='word_1_2' title='bbox 468 238 622 373; x_wconf 76' lang='lat' dir='ltr'>isaari</span> <span class='ocrx_word' id='word_1_3' title='bbox 639 303 794 366; x_wconf 80' lang='lat' dir='ltr'>oraora</span> <span class='ocrx_word' id='word_1_4' title='bbox 811 305 870 368; x_wconf 77' lang='lat' dir='ltr'>aa.</span> <span class='ocrx_word' id='word_1_5' title='bbox 885 306 1128 376; x_wconf 78' lang='lat' dir='ltr'>aascnravn.</span> <span class='ocrx_word' id='word_1_6' title='bbox 1203 317 1269 383; x_wconf 79' lang='grc' dir='ltr'>ενι</span> <span class='ocrx_word' id='word_1_7' title='bbox 1309 277 1312 283; x_wconf 61' lang='grc'><strong>’</strong></span> 
     </span>
    </p>
   </div>
   <div class='ocr_carea' id='block_1_2' title="bbox 161 437 1266 698">
    <p class='ocr_par' dir='ltr' id='par_1_2' title="bbox 161 437 1266 698">
     <span class='ocr_line' id='line_1_2' title="bbox 161 437 1266 596; baseline 0.008 -30"><span class='ocrx_word' id='word_1_8' title='bbox 161 496 221 566; x_wconf 77' lang='lat' dir='ltr'>lta</span> <span class='ocrx_word' id='word_1_9' title='bbox 247 497 333 565; x_wconf 91' lang='lat' dir='ltr'>miro</span> <span class='ocrx_word' id='word_1_10' title='bbox 357 486 417 564; x_wconf 87' lang='lat' dir='ltr'>illo</span> <span class='ocrx_word' id='word_1_11' title='bbox 442 492 549 563; x_wconf 82' lang='lat' dir='ltr'>verbo</span> <span class='ocrx_word' id='word_1_12' title='bbox 582 489 809 596; x_wconf 74' lang='grc' dir='ltr'><strong><em>παμπρόσθη</em></strong></span> <span class='ocrx_word' id='word_1_13' title='bbox 836 507 877 565; x_wconf 94' lang='lat' dir='ltr'>et</span> <span class='ocrx_word' id='word_1_14' title='bbox 902 437 1094 571; x_wconf 82' lang='lat' dir='ltr'><strong>dubitatum</strong></span> <span class='ocrx_word' id='word_1_15' title='bbox 1126 513 1177 573; x_wconf 89' lang='lat' dir='ltr'>est</span> <span class='ocrx_word' id='word_1_16' title='bbox 1201 528 1266 575; x_wconf 84' lang='lat' dir='ltr'>as-</span> 
     </span>
     <span class='ocr_line' id='line_1_3' title="bbox 161 597 1266 698; baseline 0.007 -29"><span class='ocrx_word' id='word_1_17' title='bbox 161 616 229 691; x_wconf 83' lang='lat' dir='ltr'>qae</span> <span class='ocrx_word' id='word_1_18' title='bbox 245 599 378 687; x_wconf 87' lang='lat' dir='ltr'>adhuc,</span> <span class='ocrx_word' id='word_1_19' title='bbox 404 606 439 666; x_wconf 88' lang='lat' dir='ltr'>et</span> <span class='ocrx_word' id='word_1_20' title='bbox 454 597 594 666; x_wconf 82' lang='lat' dir='ltr'>fortasse</span> <span class='ocrx_word' id='word_1_21' title='bbox 618 597 765 689; x_wconf 86' lang='lat' dir='ltr'>posthae</span> <span class='ocrx_word' id='word_1_22' title='bbox 787 600 1003 676; x_wconf 69' lang='lat' dir='ltr'>dubitabitur.</span> <span class='ocrx_word' id='word_1_23' title='bbox 1044 605 1117 675; x_wconf 86' lang='lat' dir='ltr'>Sed</span> <span class='ocrx_word' id='word_1_24' title='bbox 1130 617 1266 698; x_wconf 81' lang='lat' dir='ltr'>postra-</span> 
     </span>
    </p>
   </div>
   <div class='ocr_carea' id='block_1_3' title="bbox 161 700 1268 896">
    <p class='ocr_par' dir='ltr' id='par_1_3' title="bbox 161 700 1268 896">
     <span class='ocr_line' id='line_1_4' title="bbox 161 700 1268 805; baseline 0.006 -33"><span class='ocrx_word' id='word_1_25' title='bbox 161 727 218 772; x_wconf 89' lang='lat' dir='ltr'>ma</span> <span class='ocrx_word' id='word_1_26' title='bbox 244 725 382 795; x_wconf 89' lang='lat' dir='ltr'>quoque</span> <span class='ocrx_word' id='word_1_27' title='bbox 413 709 530 795; x_wconf 86' lang='lat' dir='ltr'>aperte</span> <span class='ocrx_word' id='word_1_28' title='bbox 564 700 682 770; x_wconf 86' lang='lat' dir='ltr'>vitiosa</span> <span class='ocrx_word' id='word_1_29' title='bbox 714 712 813 791; x_wconf 86' lang='lat' dir='ltr'>sant,</span> <span class='ocrx_word' id='word_1_30' title='bbox 855 726 944 794; x_wconf 85' lang='lat' dir='ltr'>qaae</span> <span class='ocrx_word' id='word_1_31' title='bbox 978 730 1047 777; x_wconf 88' lang='lat' dir='ltr'>non</span> <span class='ocrx_word' id='word_1_32' title='bbox 1080 724 1268 805; x_wconf 81' lang='lat' dir='ltr'>congruant</span> 
     </span>
     <span class='ocr_line' id='line_1_5' title="bbox 163 803 638 896; baseline -0.009 -20"><span class='ocrx_word' id='word_1_33' title='bbox 163 829 240 876; x_wconf 90' lang='lat' dir='ltr'>cum</span> <span class='ocrx_word' id='word_1_34' title='bbox 266 805 420 875; x_wconf 70' lang='lat' dir='ltr'>nameds</span> <span class='ocrx_word' id='word_1_35' title='bbox 440 803 638 896; x_wconf 88' lang='lat' dir='ltr'>strophicis.</span> 
     </span>
    </p>
   </div>
   <div class='ocr_carea' id='block_1_4' title="bbox 236 927 1055 1262">
    <p class='ocr_par' dir='ltr' id='par_1_4' title="bbox 236 927 1055 1262">
     <span class='ocr_line' id='line_1_6' title="bbox 371 927 932 1048; baseline 0 -19"><span class='ocrx_word' id='word_1_36' title='bbox 371 959 559 1036; x_wconf 79' lang='grc' dir='ltr'><strong><em>κέλσαντες</em></strong></span> <span class='ocrx_word' id='word_1_37' title='bbox 583 927 788 1048; x_wconf 71' lang='grc' dir='ltr'><strong><em>Σιμόεντος</em></strong></span> <span class='ocrx_word' id='word_1_38' title='bbox 814 954 863 1029; x_wconf 83' lang='grc' dir='ltr'><strong><em>α’-</em></strong></span> <span class='ocrx_word' id='word_1_39' title='bbox 929 1033 932 1037; x_wconf 68' lang='grc'><em>,</em></span> 
     </span>
     <span class='ocr_line' id='line_1_7' title="bbox 370 1053 1055 1152; baseline 0.003 -22"><span class='ocrx_word' id='word_1_40' title='bbox 370 1087 456 1140; x_wconf 77' lang='grc' dir='ltr'><strong><em>τινας</em></strong></span> <span class='ocrx_word' id='word_1_41' title='bbox 481 1053 541 1149; x_wconf 78' lang='grc' dir='ltr'>ἐπ’</span> <span class='ocrx_word' id='word_1_42' title='bbox 568 1053 801 1152; x_wconf 73' lang='grc' dir='ltr'>ἀεξιφύλλους</span> <span class='ocrx_word' id='word_1_43' title='bbox 1048 1056 1055 1064; x_wconf 16' lang='grc' dir='ltr'><strong>Χ</strong></span> 
     </span>
     <span class='ocr_line' id='line_1_8' title="bbox 236 1156 815 1262; baseline -0.005 -27"><span class='ocrx_word' id='word_1_44' title='bbox 236 1210 238 1213; x_wconf 75' lang='grc'><em>·</em></span> <span class='ocrx_word' id='word_1_45' title='bbox 371 1159 425 1235; x_wconf 78' lang='grc' dir='ltr'><strong><em>δι’</em></strong></span> <span class='ocrx_word' id='word_1_46' title='bbox 448 1163 526 1257; x_wconf 79' lang='grc' dir='ltr'><strong><em>ἔριν</em></strong></span> <span class='ocrx_word' id='word_1_47' title='bbox 554 1156 815 1262; x_wconf 76' lang='grc' dir='ltr'><strong><em>αἱματόεσσαν.</em></strong></span> 
     </span>
    </p>
   </div>
   <div class='ocr_carea' id='block_1_5' title="bbox 65 1313 1271 2234">
    <p class='ocr_par' dir='ltr' id='par_1_5' title="bbox 65 1313 1271 2234">
     <span class='ocr_line' id='line_1_9' title="bbox 164 1313 1268 1406; baseline 0.003 -21"><span class='ocrx_word' id='word_1_48' title='bbox 164 1315 258 1403; x_wconf 79' lang='lat' dir='ltr'>Quid</span> <span class='ocrx_word' id='word_1_49' title='bbox 274 1314 515 1384; x_wconf 86' lang='lat' dir='ltr'>llumboldtius</span> <span class='ocrx_word' id='word_1_50' title='bbox 535 1313 700 1382; x_wconf 77' lang='lat' dir='ltr'>vertendo</span> <span class='ocrx_word' id='word_1_51' title='bbox 728 1317 958 1406; x_wconf 82' lang='lat' dir='ltr'>expressisset,</span> <span class='ocrx_word' id='word_1_52' title='bbox 990 1316 1111 1385; x_wconf 84' lang='lat' dir='ltr'>miram</span> <span class='ocrx_word' id='word_1_53' title='bbox 1135 1330 1268 1388; x_wconf 90' lang='lat' dir='ltr'>estnon</span> 
     </span>
     <span class='ocr_line' id='line_1_10' title="bbox 65 1416 1268 1511; baseline 0.001 -22"><span class='ocrx_word' id='word_1_54' title='bbox 65 1486 77 1511; x_wconf 12' lang='grc' dir='ltr'>η,</span> <span class='ocrx_word' id='word_1_55' title='bbox 163 1444 237 1490; x_wconf 84' lang='lat' dir='ltr'>esse</span> <span class='ocrx_word' id='word_1_56' title='bbox 251 1419 467 1488; x_wconf 84' lang='lat' dir='ltr'>intellectum.</span> <span class='ocrx_word' id='word_1_57' title='bbox 518 1417 695 1508; x_wconf 81' lang='lat' dir='ltr'>Expressit</span> <span class='ocrx_word' id='word_1_58' title='bbox 715 1416 790 1502; x_wconf 84' lang='lat' dir='ltr'>ille,</span> <span class='ocrx_word' id='word_1_59' title='bbox 817 1419 911 1508; x_wconf 92' lang='lat' dir='ltr'>quod</span> <span class='ocrx_word' id='word_1_60' title='bbox 932 1442 1023 1488; x_wconf 85' lang='lat' dir='ltr'>ame</span> <span class='ocrx_word' id='word_1_61' title='bbox 1046 1421 1077 1488; x_wconf 88' lang='lat' dir='ltr'>ei</span> <span class='ocrx_word' id='word_1_62' title='bbox 1093 1443 1268 1490; x_wconf 84' lang='lat' dir='ltr'>commen-</span> 
     </span>
     <span class='ocr_line' id='line_1_11' title="bbox 164 1520 1269 1607; baseline 0.003 -15"><span class='ocrx_word' id='word_1_63' title='bbox 164 1525 362 1607; x_wconf 81' lang='lat' dir='ltr'>detumeat,</span> <span class='ocrx_word' id='word_1_64' title='bbox 388 1545 456 1589; x_wconf 91' lang='lat' dir='ltr'>non</span> <span class='ocrx_word' id='word_1_65' title='bbox 473 1529 586 1590; x_wconf 80' lang='lat' dir='ltr'>autem</span> <span class='ocrx_word' id='word_1_66' title='bbox 603 1521 637 1587; x_wconf 94' lang='lat' dir='ltr'>in</span> <span class='ocrx_word' id='word_1_67' title='bbox 650 1520 918 1591; x_wconf 70' lang='lat' dir='ltr'>adnotationibus</span> <span class='ocrx_word' id='word_1_68' title='bbox 935 1523 979 1590; x_wconf 91' lang='lat' dir='ltr'>ad</span> <span class='ocrx_word' id='word_1_69' title='bbox 998 1525 1066 1591; x_wconf 87' lang='lat' dir='ltr'>eius</span> <span class='ocrx_word' id='word_1_70' title='bbox 1081 1527 1269 1594; x_wconf 84' lang='lat' dir='ltr'>versionem</span> 
     </span>
     <span class='ocr_line' id='line_1_12' title="bbox 163 1624 1269 1720; baseline 0.002 -25"><span class='ocrx_word' id='word_1_71' title='bbox 163 1626 371 1695; x_wconf 79' lang='lat' dir='ltr'>adnotatum.</span> <span class='ocrx_word' id='word_1_72' title='bbox 406 1627 495 1694; x_wconf 87' lang='lat' dir='ltr'>Nam</span> <span class='ocrx_word' id='word_1_73' title='bbox 510 1624 571 1692; x_wconf 79' lang='lat' dir='ltr'>&#39;etsi</span> <span class='ocrx_word' id='word_1_74' title='bbox 588 1631 676 1712; x_wconf 82' lang='lat' dir='ltr'>quae</span> <span class='ocrx_word' id='word_1_75' title='bbox 690 1625 916 1715; x_wconf 87' lang='lat' dir='ltr'>praecedant,</span> <span class='ocrx_word' id='word_1_76' title='bbox 942 1625 1046 1695; x_wconf 91' lang='lat' dir='ltr'>hodie</span> <span class='ocrx_word' id='word_1_77' title='bbox 1063 1629 1168 1696; x_wconf 88' lang='lat' dir='ltr'>lenias</span> <span class='ocrx_word' id='word_1_78' title='bbox 1183 1640 1269 1720; x_wconf 92' lang='lat' dir='ltr'>puto</span> 
     </span>
     <span class='ocr_line' id='line_1_13' title="bbox 164 1728 1269 1821; baseline 0.002 -23"><span class='ocrx_word' id='word_1_79' title='bbox 164 1729 289 1821; x_wconf 80' lang='lat' dir='ltr'>corrigi</span> <span class='ocrx_word' id='word_1_80' title='bbox 308 1750 431 1819; x_wconf 89' lang='lat' dir='ltr'>posse,</span> <span class='ocrx_word' id='word_1_81' title='bbox 464 1736 577 1794; x_wconf 91' lang='lat' dir='ltr'>tamen</span> <span class='ocrx_word' id='word_1_82' title='bbox 599 1737 772 1816; x_wconf 87' lang='lat' dir='ltr'>postrema</span> <span class='ocrx_word' id='word_1_83' title='bbox 796 1728 969 1817; x_wconf 90' lang='lat' dir='ltr'>quomodo</span> <span class='ocrx_word' id='word_1_84' title='bbox 992 1731 1170 1799; x_wconf 80' lang='lat' dir='ltr'>scribenda</span> <span class='ocrx_word' id='word_1_85' title='bbox 1194 1733 1269 1814; x_wconf 75' lang='lat' dir='ltr'>sint,</span> 
     </span>
     <span class='ocr_line' id='line_1_14' title="bbox 87 1830 1271 1925; baseline 0.003 -25"><span class='ocrx_word' id='word_1_86' title='bbox 87 1873 90 1880; x_wconf 22' lang='grc' dir='ltr'>Α</span> <span class='ocrx_word' id='word_1_87' title='bbox 164 1834 239 1925; x_wconf 89' lang='lat' dir='ltr'>quis</span> <span class='ocrx_word' id='word_1_88' title='bbox 257 1830 374 1899; x_wconf 88' lang='lat' dir='ltr'>eredat</span> <span class='ocrx_word' id='word_1_89' title='bbox 391 1851 596 1922; x_wconf 89' lang='lat' dir='ltr'>quemquam</span> <span class='ocrx_word' id='word_1_90' title='bbox 615 1830 765 1920; x_wconf 80' lang='lat' dir='ltr'>potuisse</span> <span class='ocrx_word' id='word_1_91' title='bbox 781 1830 921 1922; x_wconf 82' lang='lat' dir='ltr'>fugere,</span> <span class='ocrx_word' id='word_1_92' title='bbox 946 1834 1143 1924; x_wconf 87' lang='lat' dir='ltr'>praesertim</span> <span class='ocrx_word' id='word_1_93' title='bbox 1166 1858 1271 1924; x_wconf 87' lang='lat' dir='ltr'>quum</span> 
     </span>
     <span class='ocr_line' id='line_1_15' title="bbox 164 1927 1271 2030; baseline 0.006 -26"><span class='ocrx_word' id='word_1_94' title='bbox 164 1935 364 2004; x_wconf 79' lang='lat' dir='ltr'>scholiastae</span> <span class='ocrx_word' id='word_1_95' title='bbox 396 1933 589 2017; x_wconf 84' lang='lat' dir='ltr'>adnotatio,</span> <span class='ocrx_word' id='word_1_96' title='bbox 636 1932 750 2004; x_wconf 80' lang='grc' dir='ltr'><strong><em>αἰύνα</em></strong></span> <span class='ocrx_word' id='word_1_97' title='bbox 782 1927 1014 2030; x_wconf 73' lang='grc' dir='ltr'><strong><em>πολύθρηνον</em></strong></span> <span class='ocrx_word' id='word_1_98' title='bbox 1044 1934 1105 2007; x_wconf 78' lang='lat' dir='ltr'>ani</span> <span class='ocrx_word' id='word_1_99' title='bbox 1139 1940 1271 2029; x_wconf 87' lang='grc' dir='ltr'><strong><em>μέλεον</em></strong></span> 
     </span>
     <span class='ocr_line' id='line_1_16' title="bbox 164 2031 1257 2133; baseline -0.003 -21"><span class='ocrx_word' id='word_1_100' title='bbox 164 2038 258 2129; x_wconf 88' lang='grc' dir='ltr'><strong><em>αἷμα</em></strong></span> <span class='ocrx_word' id='word_1_101' title='bbox 292 2031 480 2110; x_wconf 84' lang='grc' dir='ltr'><strong><em>ύνατλύσα</em></strong></span> <span class='ocrx_word' id='word_1_102' title='bbox 489 2089 503 2125; x_wconf 86' lang='grc'>,</span> <span class='ocrx_word' id='word_1_103' title='bbox 545 2034 637 2102; x_wconf 89' lang='lat' dir='ltr'>hune</span> <span class='ocrx_word' id='word_1_104' title='bbox 673 2056 741 2101; x_wconf 94' lang='lat' dir='ltr'>non</span> <span class='ocrx_word' id='word_1_105' title='bbox 772 2033 931 2106; x_wconf 86' lang='lat' dir='ltr'>habuisse</span> <span class='ocrx_word' id='word_1_106' title='bbox 962 2033 1060 2133; x_wconf 85' lang='grc' dir='ltr'><strong><em>α’μφί</em></strong></span> <span class='ocrx_word' id='word_1_107' title='bbox 1100 2041 1257 2109; x_wconf 86' lang='lat' dir='ltr'>ostendat</span> 
     </span>
     <span class='ocr_line' id='line_1_17' title="bbox 163 2138 584 2234; baseline -0.015 -23"><span class='ocrx_word' id='word_1_108' title='bbox 163 2141 357 2234; x_wconf 85' lang='lat' dir='ltr'>Scripserat</span> <span class='ocrx_word' id='word_1_109' title='bbox 376 2138 584 2229; x_wconf 78' lang='lat' dir='ltr'>Aeschylus:</span> 
     </span>
    </p>
   </div>
   <div class='ocr_carea' id='block_1_6' title="bbox 274 2282 1218 2999">
    <p class='ocr_par' dir='ltr' id='par_1_6' title="bbox 274 2282 1199 2999">
     <span class='ocr_line' id='line_1_18' title="bbox 371 2282 920 2414; baseline -0.002 -51"><span class='ocrx_word' id='word_1_110' title='bbox 371 2282 714 2414; x_wconf 70' lang='grc' dir='ltr'><strong><em>μεταμανθάνουσα</em></strong></span> <span class='ocrx_word' id='word_1_111' title='bbox 741 2285 820 2360; x_wconf 75' lang='grc' dir='ltr'>δ”</span> <span class='ocrx_word' id='word_1_112' title='bbox 797 2315 920 2393; x_wconf 88' lang='grc' dir='ltr'><strong><em>υμιον</em></strong></span> 
     </span>
     <span class='ocr_line' id='line_1_19' title="bbox 374 2384 834 2517; baseline -0.009 -50"><span class='ocrx_word' id='word_1_113' title='bbox 374 2387 551 2517; x_wconf 85' lang='grc' dir='ltr'><strong><em>Πριοίμου</em></strong></span> <span class='ocrx_word' id='word_1_114' title='bbox 577 2384 680 2470; x_wconf 81' lang='grc' dir='ltr'><strong><em>πόλις</em></strong></span> <span class='ocrx_word' id='word_1_115' title='bbox 704 2418 834 2486; x_wconf 78' lang='grc' dir='ltr'><strong><em>μεραια</em></strong></span> 
     </span>
     <span class='ocr_line' id='line_1_20' title="bbox 371 2487 1218 2617; baseline -0.001 -48"><span class='ocrx_word' id='word_1_116' title='bbox 371 2489 608 2617; x_wconf 77' lang='grc' dir='ltr'><strong><em>πολύθρηνον</em></strong></span> <span class='ocrx_word' id='word_1_117' title='bbox 632 2495 726 2615; x_wconf 80' lang='grc' dir='ltr'><strong><em>μέγα</em></strong></span> <span class='ocrx_word' id='word_1_118' title='bbox 754 2487 826 2566; x_wconf 83' lang='grc' dir='ltr'>πού</span> <span class='ocrx_word' id='word_1_119' title='bbox 852 2495 986 2574; x_wconf 84' lang='grc' dir='ltr'><strong><em>στένει,</em></strong></span> <span class='ocrx_word' id='word_1_120' title='bbox 1014 2490 1218 2585; x_wconf 81' lang='grc' dir='ltr'><strong><em>ιιιιιλύσιιου-</em></strong></span> 
     </span>
     <span class='ocr_line' id='line_1_21' title="bbox 373 2589 925 2722; baseline -0.005 -50"><span class='ocrx_word' id='word_1_121' title='bbox 373 2625 419 2672; x_wconf 91' lang='grc' dir='ltr'><strong><em>σα</em></strong></span> <span class='ocrx_word' id='word_1_122' title='bbox 444 2591 594 2717; x_wconf 85' lang='grc' dir='ltr'><strong><em>Πύριν</em></strong></span> <span class='ocrx_word' id='word_1_123' title='bbox 591 2589 662 2669; x_wconf 88' lang='grc' dir='ltr'><strong><em>τόν</em></strong></span> <span class='ocrx_word' id='word_1_124' title='bbox 656 2590 925 2722; x_wconf 79' lang='grc' dir='ltr'><strong><em>αἰνόλεκτρον</em></strong></span> 
     </span>
     <span class='ocr_line' id='line_1_22' title="bbox 274 2692 1007 2799; baseline -0.006 -26"><span class='ocrx_word' id='word_1_125' title='bbox 274 2702 310 2799; x_wconf 24' lang='lat'>²·</span> <span class='ocrx_word' id='word_1_126' title='bbox 371 2694 613 2796; x_wconf 74' lang='grc' dir='ltr'><strong><em>πύμπροσθ,</em></strong></span> <span class='ocrx_word' id='word_1_127' title='bbox 646 2692 670 2794; x_wconf 78' lang='grc' dir='ltr'><strong><em>ἦ</em></strong></span> <span class='ocrx_word' id='word_1_128' title='bbox 694 2693 927 2798; x_wconf 78' lang='grc' dir='ltr'><strong><em>πολύθρηνον</em></strong></span> <span class='ocrx_word' id='word_1_129' title='bbox 952 2701 1007 2770; x_wconf 90' lang='grc' dir='ltr'><strong><em>αἰ-</em></strong></span> 
     </span>
     <span class='ocr_line' id='line_1_23' title="bbox 372 2800 779 2896; baseline -0.012 -19"><span class='ocrx_word' id='word_1_130' title='bbox 372 2803 464 2890; x_wconf 78' lang='grc' dir='ltr'><strong><em>οἰνα,</em></strong></span> <span class='ocrx_word' id='word_1_131' title='bbox 491 2801 597 2896; x_wconf 84' lang='grc' dir='ltr'><strong><em>φίλον</em></strong></span> <span class='ocrx_word' id='word_1_132' title='bbox 623 2800 779 2874; x_wconf 83' lang='grc' dir='ltr'><strong><em>πολιτοίν</em></strong></span> 
     </span>
     <span class='ocr_line' id='line_1_24' title="bbox 368 2899 833 2999; baseline -0.017 -17.965"><span class='ocrx_word' id='word_1_133' title='bbox 368 2908 501 2999; x_wconf 78' lang='grc' dir='ltr'><strong><em>μέλεον</em></strong></span> <span class='ocrx_word' id='word_1_134' title='bbox 528 2904 596 2996; x_wconf 88' lang='grc' dir='ltr'>αἶμ</span> <span class='ocrx_word' id='word_1_135' title='bbox 603 2899 833 2978; x_wconf 82' lang='grc' dir='ltr'><strong><em>οἰνατλόίσα.</em></strong></span> 
     </span>
    </p>
   </div>
   <div class='ocr_carea' id='block_1_7' title="bbox 105 3020 720 3144">
    <p class='ocr_par' dir='ltr' id='par_1_7' title="bbox 105 3020 720 3144">
     <span class='ocr_line' id='line_1_25' title="bbox 105 3020 720 3144; baseline -0.01 -15"><span class='ocrx_word' id='word_1_136' title='bbox 105 3020 108 3025; x_wconf 81' lang='lat'><em>-</em></span> <span class='ocrx_word' id='word_1_137' title='bbox 165 3058 237 3128; x_wconf 86' lang='lat' dir='ltr'>Sed</span> <span class='ocrx_word' id='word_1_138' title='bbox 263 3059 371 3128; x_wconf 89' lang='lat' dir='ltr'>nullus</span> <span class='ocrx_word' id='word_1_139' title='bbox 399 3059 566 3129; x_wconf 86' lang='lat' dir='ltr'>editorum</span> <span class='ocrx_word' id='word_1_140' title='bbox 592 3054 683 3124; x_wconf 91' lang='lat' dir='ltr'>vidit.</span> <span class='ocrx_word' id='word_1_141' title='bbox 718 3138 720 3144; x_wconf 23' lang='grc' dir='ltr'>Ι</span> 
     </span>
    </p>
   </div>
   <div class='ocr_carea' id='block_1_8' title="bbox 604 3266 812 3276">
    <p class='ocr_par' dir='ltr' id='par_1_8' title="bbox 604 3266 812 3276">
     <span class='ocr_line' id='line_1_26' title="bbox 604 3266 812 3276; baseline -0.005 0"><span class='ocrx_word' id='word_1_142' title='bbox 604 3266 812 3276; x_wconf 50' lang='lat' dir='ltr'>m-..m-</span> 
     </span>
    </p>
   </div>
   <div class='ocr_carea' id='block_1_9' title="bbox 686 3447 728 3516">
    <p class='ocr_par' dir='ltr' id='par_1_9' title="bbox 686 3447 728 3516">
     <span class='ocr_line' id='line_1_27' title="bbox 686 3447 728 3516; baseline 0 0"><span class='ocrx_word' id='word_1_143' title='bbox 686 3447 728 3516; x_wconf 86' lang='lat' dir='ltr'>V.</span> 
     </span>
    </p>
   </div>
   <div class='ocr_carea' id='block_1_10' title="bbox 165 3551 1271 3852">
    <p class='ocr_par' dir='ltr' id='par_1_10' title="bbox 165 3551 1271 3802">
     <span class='ocr_line' id='line_1_28' title="bbox 268 3551 1271 3693; baseline -0.005 -25"><span class='ocrx_word' id='word_1_144' title='bbox 268 3600 308 3668; x_wconf 93' lang='lat' dir='ltr'>ln</span> <span class='ocrx_word' id='word_1_145' title='bbox 351 3551 568 3693; x_wconf 82' lang='lat' dir='ltr'>Choephoris&#39;</span> <span class='ocrx_word' id='word_1_146' title='bbox 606 3598 744 3667; x_wconf 83' lang='lat' dir='ltr'>Electra</span> <span class='ocrx_word' id='word_1_147' title='bbox 792 3597 965 3690; x_wconf 90' lang='lat' dir='ltr'>quomodo</span> <span class='ocrx_word' id='word_1_148' title='bbox 1004 3595 1271 3686; x_wconf 76' lang='lat' dir='ltr'>Clytaemnestra</span> 
     </span>
     <span class='ocr_line' id='line_1_29' title="bbox 165 3696 1209 3852; baseline -0.009 -80"><span class='ocrx_word' id='word_1_149' title='bbox 165 3705 457 3797; x_wconf 83' lang='lat' dir='ltr'>Agamemnonem</span> <span class='ocrx_word' id='word_1_150' title='bbox 475 3702 703 3852; x_wconf 69' lang='lat' dir='ltr'>interfeoeri‘t5</span> <span class='ocrx_word' id='word_1_151' title='bbox 723 3701 775 3772; x_wconf 87' lang='lat' dir='ltr'>his</span> <span class='ocrx_word' id='word_1_152' title='bbox 790 3705 903 3778; x_wconf 85' lang='lat' dir='ltr'>verbis</span> <span class='ocrx_word' id='word_1_153' title='bbox 920 3699 1058 3792; x_wconf 83' lang='lat' dir='ltr'>exponit</span> <span class='ocrx_word' id='word_1_154' title='bbox 1074 3721 1104 3772; x_wconf 84' lang='lat' dir='ltr'>v.</span> <span class='ocrx_word' id='word_1_155' title='bbox 1120 3696 1209 3780; x_wconf 79' lang='lat'>421,</span> 
     </span>
    </p>
   </div>
   <div class='ocr_carea' id='block_1_11' title="bbox 218 3850 1262 4280">
    <p class='ocr_par' dir='ltr' id='par_1_11' title="bbox 307 3850 1080 4072">
     <span class='ocr_line' id='line_1_30' title="bbox 307 3850 1080 3970; baseline 0.001 -21.018"><span class='ocrx_word' id='word_1_156' title='bbox 307 3876 431 3970; x_wconf 80' lang='grc' dir='ltr'><strong><em>έιιοψε</em></strong></span> <span class='ocrx_word' id='word_1_157' title='bbox 457 3850 617 3968; x_wconf 87' lang='grc' dir='ltr'><strong><em>ιιομμόν.</em></strong></span> <span class='ocrx_word' id='word_1_158' title='bbox 622 3871 862 3970; x_wconf 78' lang='grc' dir='ltr'><strong><em>Ἀρειον,</em></strong></span> <span class='ocrx_word' id='word_1_159' title='bbox 825 3901 898 3950; x_wconf 86' lang='grc' dir='ltr'><strong><em>ειτε</em></strong></span> <span class='ocrx_word' id='word_1_160' title='bbox 923 3867 1080 3950; x_wconf 63' lang='grc' dir='ltr'><strong><em>Κισσίας</em></strong></span> 
     </span>
     <span class='ocr_line' id='line_1_31' title="bbox 279 3972 754 4100; baseline -0.002 -50.906"><span class='ocrx_word' id='word_1_161' title='bbox 279 3972 469 4071; x_wconf 88' lang='grc' dir='ltr'><strong><em>νόμοισι</em></strong></span> <span class='ocrx_word' id='word_1_162' title='bbox 495 3975 754 4100; x_wconf 81' lang='grc' dir='ltr'><strong><em>πολεμιστρίας</em></strong></span> 
     </span>
    </p>

    <p class='ocr_par' dir='ltr' id='par_1_12' title="bbox 218 4068 1262 4280">
     <span class='ocr_line' id='line_1_32' title="bbox 218 4068 1262 4177; baseline -0.009 -23"><span class='ocrx_word' id='word_1_163' title='bbox 218 4131 224 4140; x_wconf 49' lang='lat'><em>1</em></span> <span class='ocrx_word' id='word_1_164' title='bbox 321 4079 518 4177; x_wconf 81' lang='grc' dir='ltr'><strong><em>ύπριγιιτοι</em></strong></span> <span class='ocrx_word' id='word_1_165' title='bbox 544 4073 683 4176; x_wconf 87' lang='grc' dir='ltr'><strong><em>πληιιτα</em></strong></span> <span class='ocrx_word' id='word_1_166' title='bbox 708 4068 1027 4170; x_wconf 77' lang='grc' dir='ltr'><strong><em>πολύπλαγνταδ’</em></strong></span> <span class='ocrx_word' id='word_1_167' title='bbox 1052 4100 1098 4168; x_wconf 93' lang='grc' dir='ltr'><strong><em>ην</em></strong></span> <span class='ocrx_word' id='word_1_168' title='bbox 1123 4074 1262 4146; x_wconf 78' lang='grc' dir='ltr'><strong><em>ἰδεῖν</em></strong></span> 
     </span>
     <span class='ocr_line' id='line_1_33' title="bbox 321 4172 1087 4280; baseline -0.013 -23"><span class='ocrx_word' id='word_1_169' title='bbox 321 4179 660 4280; x_wconf 72' lang='grc' dir='ltr'><strong><em>ἐπασσυτεροτριβῆ</em></strong></span> <span class='ocrx_word' id='word_1_170' title='bbox 685 4175 734 4256; x_wconf 81' lang='grc' dir='ltr'>τό</span> <span class='ocrx_word' id='word_1_171' title='bbox 760 4172 863 4276; x_wconf 75' lang='grc' dir='ltr'><strong><em>χερός</em></strong></span> <span class='ocrx_word' id='word_1_172' title='bbox 889 4173 1087 4275; x_wconf 73' lang='grc' dir='ltr'><strong><em>ὀρέγματα.</em></strong></span> 
     </span>
    </p>
   </div>
   <div class='ocr_carea' id='block_1_12' title="bbox 216 4311 1063 4391">
    <p class='ocr_par' dir='ltr' id='par_1_13' title="bbox 216 4311 1063 4391">
     <span class='ocr_line' id='line_1_34' title="bbox 216 4311 1063 4391; baseline -0.013 -1"><span class='ocrx_word' id='word_1_173' title='bbox 216 4319 338 4391; x_wconf 73' lang='lat' dir='ltr'>Horam.</span> <span class='ocrx_word' id='word_1_174' title='bbox 366 4317 517 4389; x_wconf 73' lang='lat' dir='ltr'>01²le</span> <span class='ocrx_word' id='word_1_175' title='bbox 609 4358 615 4368; x_wconf 63' lang='grc'><strong>»</strong></span> <span class='ocrx_word' id='word_1_176' title='bbox 716 4371 717 4375; x_wconf 63' lang='lat'>,</span> <span class='ocrx_word' id='word_1_177' title='bbox 1032 4311 1063 4379; x_wconf 87' lang='lat' dir='ltr'>Y</span> 
     </span>
    </p>
   </div>
   <div class='ocr_carea' id='block_1_13' title="bbox 0 0 1471 4890">
    <p class='ocr_par' dir='ltr' id='par_1_14' title="bbox 0 0 1471 4890">
     <span class='ocr_line' id='line_1_35' title="bbox 0 0 1471 4890; baseline 0 0"><span class='ocrx_word' id='word_1_178' title='bbox 0 0 1471 4890; x_wconf 95' lang='lat' dir='ltr'> </span> 
     </span>
    </p>
   </div>
  </div>
 </body>
</html>
