2918 4890
207 306 271 368 1⁰⁰
540 298 598 358 DE
633 297 906 360 Panticvna
930 292 975 361 οῖν

209 490 254 562 Si
268 490 431 584 perdere
459 509 590 556 navem
615 484 789 556 voluerit:
816 487 911 577 quod
938 509 1007 554 noa
1041 488 1178 578 opinor,
1214 512 1320 579 quum

208 618 276 663 non
306 594 476 683 impietate
504 572 671 680 quadam,
704 590 766 658 sed
794 591 992 658 necessitate
1022 592 1188 683 compulsi
1211 583 1322 662 boves

208 705 401 766 mactemus.
441 693 569 785 Scripsi
583 693 674 761 hoc
664 716 698 759 m
716 694 795 760 loco
811 693 849 765 (λε’
865 693 1027 764 σποῖνται
1041 716 1106 783 pro
1126 692 1206 767 d'‘'
1185 720 1320 768 εσπων-

208 828 293 889 ται,
326 820 428 888 quam
456 794 600 863 formam
630 796 684 862 vix
709 806 794 886 puto
818 795 956 863 defendi
983 818 1096 886 posse.
1153 797 1321 890 Suspecta

209 911 259 970 est
285 903 385 969 etiam
408 899 614 967 Buttmanno
642 898 688 966 ad
715 898 844 967 scholia
866 899 900 966 in
928 895 1130 990 odysseam.
1156 901 1319 972 Pindarus

208 1006 307 1073 Nem.
328 1004 401 1072 Vll.
415 999 474 1068 16.
502 1001 600 1093 (11.)

261 1159 296 1230 εῖ
313 1155 351 1228 δὲ
377 1148 468 1250 τύχῃ
494 1181 549 1235 τις
576 1155 709 1250 ἔρδων,
736 1150 930 1250 μελίφρον’
958 1154 1080 1227 αἰτίαν

261 1264 383 1356 ῥοαῖσι
409 1257 563 1330 Materia
590 1261 747 1351 ἐνέβαλε.

211 1409 256 1481 Si
277 1408 336 1479 cai
357 1409 595 1478 successerit:
621 1434 688 1478 non
714 1412 803 1479 enim
828 1410 926 1478 facile
945 1419 1003 1480 est.
1054 1409 1187 1477 Eadem
1209 1412 1320 1479 simili·

209 1526 261 1583 ter
277 1535 437 1604 expressa
456 1514 616 1580 sententia
630 1523 738 1581 exstat
750 1514 810 1580 lx.
829 1512 915 1583 llo.
942 1511 1039 1604 (46.)
1067 1522 1100 1580 et
1123 1515 1188 1581 alia
1208 1515 1319 1582 similis
1352 1591 1358 1598 ‚

18 1641 22 1645 ·
98 1696 101 1701 ,
210 1617 373 1687 sententia
398 1614 514 1686 lsthm.
540 1615 581 1683 V.
619 1614 679 1684 16.
713 1616 797 1706 (IV.
841 1613 925 1706 14)
960 1615 1152 1707 Sophocles
1182 1616 1319 1725 Oedipo

215 1721 316 1812 Rege
333 1743 366 1791 v
385 1715 495 1790 1⁰62.
509 1740 551 1785 ex
563 1741 641 1786 mea
655 1718 901 1804 emendatione,

263 1864 413 1965 ddecet
442 1864 487 1941 od
511 1869 580 1959 μὲν
605 1896 675 1965 γαρ
704 1866 785 1942 oo’d’
815 1868 860 1942 οῖν
883 1872 918 1941 εἰ
942 1869 1068 1965 τρίτης
1094 1866 1162 1964 ἑνοῖ

261 1967 399 2070 μητρός
426 1972 531 2066 parti
556 1973 763 2068 τρῖδσολος,
790 1977 938 2067 ἐκφανεῖ
962 1967 1063 2069 κακή.

215 2123 320 2194 Neai
341 2123 487 2216 quidem
510 2134 714 2194 terseratis
738 2147 817 2194 esse
835 2124 1025 2218 reperiar:
1054 2125 1210 2217 opinatur
1232 2127 1320 2193 enim

209 2231 256 2297 ita
276 2251 350 2298 esse
368 2226 532 2319 Oedipus.
585 2229 794 2320 improbavit
810 2227 899 2296 hanc
917 2227 1184 2305 emendationem
1203 2229 1238 2295 in
1251 2253 1319 2320 po-

211 2341 335 2400 strema
351 2330 404 2398 ed.
421 2331 612 2416 Elmsleius‚
638 2354 707 2398 non
720 2340 865 2422 propter
881 2333 916 2403 εἰ
929 2355 1006 2398 cum
1019 2332 1240 2418 coniunctim,
1260 2332 1321 2400 sed

210 2444 354 2526 propter
364 2431 409 2504 οῖν
419 2456 495 2500 cum
509 2434 623 2501 futuro
633 2435 857 2506 coniunctum.
875 2435 954 2500 Non
967 2433 1112 2518 fecisset,
1128 2435 1155 2501 si
1163 2444 1321 2523 reputas-

211 2547 272 2625 set,
290 2535 334 2607 οῖν
341 2535 460 2602 referri
470 2535 514 2602 ad
524 2537 722 2628 optativum,
740 2539 798 2626 qui
808 2559 1010 2628 suppressus
1021 2545 1085 2604 est.
1112 2537 1216 2605 Plene
1231 2538 1321 2606 enim

211 2639 322 2727 dicas,
349 2632 413 2708 adr
436 2641 585 2730 ἐκφανεῖ
603 2631 713 2736 κακή,
741 2635 823 2712 οὐδ’
843 2638 889 2711 air
915 2637 1134 2735 (εἰιφανείφς)
1162 2642 1197 2710 εἰ
1215 2640 1320 2734 aurai

211 2739 407 2838 caldariae.
461 2739 633 2832 Compara
653 2743 767 2809 locum
793 2741 954 2834 Xenoph.
988 2741 1070 2832 Cyr.
1102 2741 1161 2812 111.
1193 2741 1229 2831 3,
1258 2742 1318 2813 50.

211 2865 431 3019 pueltppgpra
446 2845 624 2917 attulimus.
658 2846 768 2913 Recte
782 2845 906 2938 legitur
919 2843 1012 2938 apud
1028 2843 1228 2936 Euripidem
1241 2845 1318 2938 Iph.

230 3099 400 3227 βλέψον
421 3125 510 3218 προς
535 3096 646 3195 ἡμεῖς,
675 3097 779 3190 ὄμμα
807 3095 886 3188 δός,
915 3093 1055 3196 φῖλημοῖ
1081 3127 1143 3187 τε,

262 3207 296 3273 ἵν
306 3194 434 3274 attat
459 3228 571 3274 τουτο
594 3197 822 3274 nardororic'
848 3203 915 3291 ἔχοι
944 3205 1052 3275 σέθεν
1215 3225 1226 3234 ·

260 3308 457 3400 μνημεῖον,
485 3307 520 3376 εἰ
542 3330 592 3398 μη
620 3309 696 3385 τοῖς
722 3309 821 3396 ἐμοῖς
847 3304 998 3400 atinate
1023 3297 1153 3396 λόγοις.

210 3452 257 3525 St
274 3454 365 3524 nihil
381 3453 553 3547 precibus
573 3455 663 3526 meis
678 3457 853 3526 moveris:
877 3454 972 3546 quod
989 3479 1057 3524 nou
1070 3455 1191 3525 videris
1207 3455 1319 3524 factu-

210 3581 277 3630 rus.
328 3559 374 3627 Et
390 3559 425 3626 in
442 3558 597 3651 Cyclope
611 3556 698 3630 577.

264 3691 327 3767 ουἰι
356 3695 402 3768 air
430 3688 645 3790 φιλήοαιμ’,
674 3697 710 3767 εἰ
732 3690 894 3790 Χάριτες
919 3691 1073 3786 πειροῖσῖ
1096 3720 1154 3785 με.

210 3829 256 3898 st
268 3833 325 3902 vel
342 3832 502 3901 Gratiae
515 3853 572 3899 me
589 3831 825 3900 tentaverint:
851 3851 977 3921 nempe
990 3834 1059 3897 non
1069 3838 1144 3897 sunt
1158 3829 1319 3897 factmae.

210 3934 454 4027 Auistophanes
468 3935 534 4024 Eq.
550 3932 636 4003 698.

260 4073 347 4143 KA
377 4070 482 4143 οὔτοι
485 4066 565 4193 υμοῖ
590 4065 658 4166 τήν
685 4062 933 4166 Δήμητροῖ’
896 4098 945 4162 γ,
975 4071 1011 4142 εἰ
1033 4063 1086 4166 μή
1112 4095 1134 4141 σ
1177 4060 1319 4165 εἰιφοῖγοι

260 4199 297 4247 ειι
323 4171 428 4269 τῆσδε
453 4173 516 4294 τῆς
543 4174 626 4296 γῆς,
654 4168 828 4247 οοδέιιοτε
853 4165 1047 4266 βιώσομαι

154 4370 155 4374 ¹
259 4274 348 4380 ΑΛ.
376 4278 411 4347 εἰ
433 4301 485 4371 μη
511 4268 679 4372 ἰιφάγηςς
779 4344 782 4349 .
