2918 4890
538 290 845 369 COLV'THI.
1184 316 1247 377 τις

142 496 271 588 telligo.
323 493 463 564 Mecum
496 497 593 565 sentit
623 496 800 585 Gmefim,
838 499 929 568 cuins
962 500 1163 594 perelegans
1183 496 1246 570 'est

143 600 351 684 coniectura,

244 749 405 850 χρυσείῃς
422 747 459 825 δ’
475 745 651 848 ἑκάτερθε
668 756 929 849 τινασσομένης
944 757 1172 848 πλοκαμῖδας.

243 906 284 975 V.
301 902 360 974 26.
374 905 515 998 legitur:

128 1109 140 1146 ⁸
192 1055 278 1132 οὐδ’
295 1054 388 1154 αὕτη
381 1051 575 1150 βασίλεια
589 1056 647 1129 ναί
643 1054 837 1182 άρμονίης
850 1055 1054 1183 Ἀφροδίτη

191 1163 368 1259 ἐρχομένη
384 1155 574 1257 δήδννον’
556 1186 600 1233 επ
609 1156 742 1234 ’άλσοα
755 1154 1001 1260 Κενταύροιο.

139 1315 315 1386 Secundus
332 1312 432 1381 codd.
451 1312 554 1381 Paris.
575 1313 634 1386 ιιαί
657 1311 842 1412 αρμοδίης.
895 1316 1024 1386 Censor
1037 1317 1242 1386 Heidelber-

137 1416 250 1512 ge'nsis
274 1417 415 1490 coniecit
431 1415 687 1514 σοναρμονιής,
715 1441 818 1507 quam
830 1441 951 1488 vocem
968 1419 1195 1489 Schneiderus
1209 1421 1243 1488 in

136 1523 270 1590 lexicon
285 1544 381 1590 suum
394 1527 432 1589 ut
446 1518 546 1586 valde
561 1518 697 1587 dubiam
715 1523 828 1590 nescio
845 1523 935 1591 unde
952 1524 1116 1594 intulerat.
1156 1525 1241 1591 Pas·
1274 1568 1282 1583 ι

137 1627 249 1693 sovius
271 1625 392 1697 omisit.
424 1621 616 1690 Wemikins
642 1624 744 1691 alium
763 1627 887 1715 requiri
908 1615 1094 1718 genitivum
1114 1626 1241 1711 videns,

62 1808 64 1813 Ι
136 1731 241 1796 latere
256 1751 334 1796 eum
349 1729 483 1794 in-voce
498 1718 594 1822 αρ’τή
605 1728 756 1816 putabat.
789 1729 841 1796 lta
857 1731 959 1798 sensit
975 1731 1074 1798 etiam
1089 1729 1146 1819 qui
1160 1724 1241 1803 οὐδ’

136 1825 276 1926 άπάτης
289 1829 456 1923 βασίλεια
477 1829 636 1915 coniecit,
665 1829 758 1919 qnod
776 1854 843 1899 non
867 1833 1043 1900 convenire
1064 1833 1142 1899 huic
1163 1833 1240 1899 loco

135 1944 228 2003 recte
252 1933 380 2001 monuit
407 1932 575 2001 Graefius.
628 1932 665 2000 Si
685 1934 839 2024 genitivis
862 1936 934 2003 aliis
954 1958 1041 2026 opus
1068 1945 1140 2024 est,
1173 1936 1240 2002 tale

135 2036 217 2128 qnid
229 2039 391 2128 scriptum
409 2036 571 2126 suspicarr
560 2034 715 2116 licebit,
742 2031 824 2109 οὐδ
839 2033 931 2132 αὕτη
924 2031 1115 2128 βασίλεια
1131 2063 1239 2134 χορο-

134 2142 288 2214 πλονέων
319 2137 500 2230 ὑμεναίων
528 2134 587 2208 ιιαί
611 2141 796 2228 γλυκεροῖο
824 2133 961 2211 πόθοιο
983 2139 1042 2210 ιιαί
1066 2138 1240 2235 άρμονίης

133 2240 345 2338 Ἀφροδίτη.
398 2241 458 2309 Sin
473 2241 600 2325 minus,
626 2240 735 2330 potuit
754 2241 811 2308 ille
833 2242 982 2310 scribere
1003 2238 1094 2315 ιιαδ
1115 2239 1238 2337 άρμο-

134 2343 228 2443 νίην,
254 2353 292 2410 ut
309 2339 401 2435 μεθ’
423 2339 600 2438 οἷρμονίην
614 2337 834 2441 Ἀφροδίτης
855 2345 1016 2434 scriptum
1030 2354 1080 2412 est
1094 2368 1126 2417 v
1149 2343 1235 2415 375.

134 2447 177 2516 de
195 2470 262 2536 quo
276 2469 376 2514 versu
396 2446 483 2513 infra
498 2445 637 2511 dicetur.
691 2444 780 2529 Sed,
807 2447 834 2514 si
848 2469 965 2514 verum
980 2447 1077 2515 fateri
1091 2455 1236 2540 oportet,

132 2548 214 2619 nihil
230 2551 286 2618 hic
303 2549 385 2617 certi
399 2549 468 2617 sine
483 2547 599 2615 libris
589 2548 729 2615 rnveniri
743 2558 867 2638 potest

197 2674 200 2685 ·
233 2653 274 2722 V.
295 2650 355 2721 46.
388 2652 502 2720 Eridis
521 2652 570 2718 ira
589 2649 634 2718 ad
656 2651 774 2741 epulas
798 2675 866 2720 non
887 2662 1027 2722 vocatae
1047 2649 1099 2719 his
1124 2649 1234 2717 verbis

132 2756 348 2827 describitur:

183 2903 336 2982 πολλάκι
353 2904 389 2981 δ
403 2901 588 3000 εὐλάιγγος
603 2901 676 2979 άπο
669 2899 856 2998 κλισμοῖο
873 2907 1050 3036 θρροῦσα

183 3020 313 3084 ιστατο
327 3039 387 3084 ιιαι
379 3010 618 3103 παλίνορσος
633 3011 796 3103 ἐφέζοτο·
824 3036 917 3133 χιιρι
910 3010 972 3086 δέ
988 3009 1104 3107 γαίης

183 3111 270 3186 οοδέ
279 3143 320 3189 τε
336 3107 471 3187 κόλπον
488 3114 607 3207 ἔρυξε,
634 3111 695 3183 ναί
711 3108 775 3184 οάιι
792 3106 1000 3208 ἐφράσσατο
1018 3117 1162 3208 πεᾛτρην

130 3266 287 3334 Permiris
302 3263 388 3332 haec
404 3264 602 3332 coniecturis
616 3271 744 3330 tentata
763 3273 847 3351 sunt,
870 3288 1012 3354 quarum
1030 3289 1116 3354 eam,
1143 3285 1231 3352 quae

130 3393 151 3436 a
177 3367 353 3459 Lennepio
382 3366 559 3459 proposita
585 3362 653 3452 est,
683 3365 816 3433 admisit
841 3365 1036 3453 Bekkems,
1072 3366 1164 3460 χειρί
1191 3366 1230 3436 δέ

128 3470 230 3566 γαίης
250 3467 356 3565 εὐρέα
378 3464 512 3540 κόλπον
533 3465 653 3562 άραξο.
706 3469 767 3553 At,
793 3468 855 3536 nisi
876 3471 970 3559 quod
988 3470 1229 3562 grammaticae

127 3596 196 3642 uon
209 3581 389 3664 repugnat,
410 3570 494 3639 nihil
506 3569 593 3637 haec
607 3571 798 3639 coniectura
811 3572 916 3640 habet
923 3574 1103 3646 laudabrle
1130 3573 1275 3661 Namll

128 3700 171 3746 ne
194 3698 457 3744 commemorem
470 3675 622 3764 ineptum
634 3673 692 3743 hic
688 3674 880 3791 epitheton
898 3700 972 3745 esse
989 3673 1108 3770 οὐρία,
1137 3695 1225 3764 quae

127 3780 184 3847 illa
204 3789 274 3847 tam
291 3779 463 3871 singularis
479 3777 563 3845 ratio
580 3787 631 3846 est
645 3762 767 3846 furoris
784 3779 1010 3870 significandi,
1036 3801 1137 3846 manu
1155 3786 1225 3845 ter·
1303 3856 1311 3875 ἱ

127 3906 200 3950 ram
213 3885 420 3984 percutere?
444 3881 554 3949 Immo
568 3883 626 3970 qui
639 3883 685 3949 ita
699 3883 795 3950 sunt
786 3905 856 3963 rrae
869 3883 1104 3981 impotentem
1117 3881 1272 3949 solent
1291 3888 1296 3893 “

127 4010 164 4054 se
189 3988 281 4077 ipsos
301 3987 419 4053 totos
410 4009 444 4052 m
464 3995 589 4052 terram
608 3985 726 4077 digere
748 3994 782 4052 et
803 3985 897 4053 humi
919 3985 1065 4056 volvere.
1114 3984 1224 4074 ldque

127 4090 228 4156 etiam
243 4088 384 4157 Eridem
397 4089 517 4157 fecisse
534 4087 600 4155 dici
614 4090 669 4170 vel
681 4097 877 4181 corruptum
893 4087 975 4156 illud
989 4084 1077 4160 οὐδέ
1087 4114 1129 4160 το
1145 4109 1223 4155 mo-

125 4216 207 4261 nere
226 4191 390 4279 debehat,
416 4192 450 4259 in
467 4213 535 4279 quo
555 4191 628 4279 quis
643 4214 711 4259 non
728 4193 838 4260 statim
851 4192 963 4260 videat
978 4189 1082 4264 οὔδεϊ
1093 4189 1222 4257 latere?
1276 4192 1280 4199 ’

118 4295 314 4365 ⁴Confirmat
325 4295 414 4364 hanc
435 4292 702 4364 emendationem
721 4296 885 4388 scriptura
901 4293 1026 4364 codicis
1041 4292 1128 4362 Mur.
1141 4285 1221 4364 οὐδ’
