2918 4890
521 235 605 299 LlB.
628 235 681 301 Ν.
727 237 827 299 CAP.
849 242 879 304 6
900 243 932 306 Ἰ
1223 247 1288 311 loa

171 426 261 515 ἔχων
278 424 336 497 ἐπι
351 429 428 506 τοῖς
444 432 518 508 σοῖς
534 423 708 519 α’γαθοῑς,
734 422 883 510 πάντας
890 429 929 502 δὲ
948 424 1022 523 apo*
1038 429 1111 504 τῶν
1126 431 1198 504 σοῖν
1216 428 1284 556 οἷς·

170 554 238 624 περ
256 529 329 600 acin
345 527 444 600 ἰδίων
453 532 699 620 μαχομένους·
721 525 935 626 θησαυρούς
943 561 983 626 γι
996 560 1071 628 μην
1085 533 1179 620 ἔχοις
1192 528 1285 608 ιιοέτ-

170 657 235 710 τας
255 623 341 710 τούς
365 658 465 727 παρα
490 639 567 713 τοῖς
591 631 708 726 φίλοις
731 628 946 715 πλούτους.
972 635 1179 704 Addendum
1203 649 1285 729 post

170 733 264 821 ἔχοις
282 733 526 802 censuerunt
501 763 548 806 aa
569 735 792 821 Schacfcrus,
817 736 984 824 Bremius,
1010 740 1190 846 Reisigius,
1217 741 1283 824 alii,
1391 741 1395 748 ¹

169 859 233 903 nec
257 838 326 904 sine
353 838 604 930 probabilitate
657 841 736 908 Non
766 839 898 908 videtur
925 850 1037 909 tamen
1058 843 1282 912 necessarium
1312 901 1317 912 ,

170 963 260 1026 esse,
294 941 373 1030 quia
395 940 522 1009 hocin
545 951 659 1010 mente
680 942 829 1014 habebat
851 944 1015 1036 scriptor,
1051 939 1281 1020 κιοδύνοοδ

169 1041 215 1114 ἄν
232 1041 336 1123 ὄντος
352 1037 513 1135 μάλιστα
527 1045 596 1136 μὲν
610 1040 741 1126 αὐτους
754 1040 1007 1141 προθύμους
985 1045 1110 1146 ορῴης,
1133 1059 1281 1145 θ-ηοοιο

169 1139 253 1240 ρούς
276 1175 315 1236 γε
336 1173 410 1242 μην
429 1149 523 1236 ἔχοις
541 1174 627 1228 τους
650 1144 772 1220 acircio
792 1142 980 1230 πλούτους.
1033 1150 1147 1220 Minus
1170 1152 1280 1244 expli·

168 1258 243 1316 cate
261 1249 305 1317 de
331 1249 399 1317 hoc
420 1273 547 1342 genere
570 1250 724 1320 disseruit
744 1251 910 1320 Matthiae
927 1252 972 1320 ad
990 1254 1109 1347 Eurip
1131 1254 1277 1347 Hippol.
1387 1268 1388 1275 ’

167 1349 254 1420 468.
268 1376 305 1443 p.
324 1351 384 1420 44.
412 1354 590 1442 quiquam
607 1363 780 1446 negasset,
806 1355 898 1423 illam
922 1357 1086 1426 rationem
1111 1357 1298 1471 quadrare&
1416 1349 1425 1368 ⁸

166 1453 201 1522 in
213 1453 300 1522 haec
318 1455 499 1547 Sophoclis
515 1455 570 1528 ΕΙ.
589 1455 731 1530 ἶ9θ.

95 1610 98 1616 ’
218 1611 267 1680 Π.
297 1603 703 1700 οὐκοῦτοέτιοστείχοιμ’
721 1608 786 1699 cla,
808 1604 940 1684 ειτοίδ’
954 1607 995 1683 εὖ
1012 1617 1121 1706 nopai

206 1707 319 1784 Κ.”
296 1729 429 1805 ηκιστ·
457 1709 601 1805 ἐπείπερ
622 1708 707 1784 οὔτ’
720 1713 813 1804 ἐμοῦ
829 1712 1004 1796 κοταξίοις

264 1754 488 1908 Ιιρᾶξειας,
515 1811 601 1886 οὔτε
619 1814 690 1887 τοῦ
702 1809 949 1912 πορεύσαντος
962 1817 1099 1904 ξένου,

165 1965 244 2035 vide
258 1988 345 2055 quae
361 1966 407 2034 ad
421 1990 498 2036 eum
511 1967 625 2035 locum
640 1966 807 2041 adnotavi.
853 1968 956 2037 Adde
971 1965 1061 2037 Oed.
1078 1967 1153 2038 Col.
1167 1965 1256 2044 99¹5.

268 2114 381 2190 οἶνοί
394 2117 457 2206 ἄν,
484 2115 569 2193 οὐδὲ
585 2116 778 2192 τοῦιδικοι
793 2114 1033 2216 περιβλέποις.

165 2270 238 2340 Sed
246 2269 333 2337 haec
347 2271 498 2358 quamvis
513 2271 649 2364 ingente
663 2271 791 2364 possim
811 2267 1045 2364 exemplorum
1065 2272 1274 2344 multitudine

165 2373 383 2466 confirmare,
410 2374 488 2444 satis
504 2374 546 2443 sit
559 2375 732 2465 quomodo
744 2375 925 2444 iudicanda
939 2375 1004 2444 sint
1015 2374 1189 2454 indicasse.

639 2625 641 2630 ι
685 2580 760 2652 Vll.

238 2819 240 2823 ι
315 2730 381 2800 De
408 2729 731 2801 collocatione
750 2733 1036 2826 particulae
1061 2728 1122 2804 οἷο.

219 2948 222 2954 .
264 2885 448 2974 Reliquum
462 2892 512 2952 est
526 2893 563 2953 ut
578 2885 708 2954 dicatur
723 2885 767 2954 de
780 2884 1002 2954 collocatione
1013 2883 1201 2976 particulae
1215 2882 1273 2972 ἄν,

164 3010 252 3078 quae
271 2989 437 3062 nonnullis
460 2988 495 3054 in
523 2991 702 3081 generibus
726 2988 887 3079 loquendi
909 2987 964 3055 vel
984 2987 1176 3055 insolentior
1200 3011 1273 3057 esse

163 3091 219 3158 vel
240 3091 365 3179 aliquid
384 3091 516 3160 videtur
539 3094 764 3183 perversitatis
780 3092 917 3161 habere.
971 3089 1086 3174 Quum
1107 3091 1274 3182 particula
1355 3118 1358 3122 ·
1454 3120 1457 3127 ⁵

163 3193 220 3260 illa
234 3193 275 3260 sit
294 3194 329 3260 in
343 3193 398 3279 iis,
425 3216 512 3282 quae
531 3218 598 3263 non
616 3205 755 3288 possunt
768 3196 802 3263 in
819 3197 894 3286 ipso
909 3193 993 3285 poni
1008 3194 1164 3261 orationis
1178 3193 1273 3285 prin-

95 3348 96 3354 *
165 3295 271 3386 cipio,
299 3318 469 3384 quumque
484 3306 601 3375 natura
617 3322 676 3367 sua
689 3298 734 3365 ad
750 3297 841 3365 aliud
857 3297 998 3363 verbum
1015 3296 1180 3363 referatur
1194 3318 1272 3364 cum

164 3420 274 3487 eoque
300 3398 341 3465 sit
366 3397 559 3487 coniuncta,
595 3422 803 3489 consequens
828 3407 879 3465 est
900 3398 1077 3490 proprium
1103 3399 1134 3466 ei
1157 3399 1272 3467 locum

85 3535 88 3555 ι
164 3524 238 3568 esse
252 3501 361 3568 statim
378 3508 457 3591 post
473 3523 548 3568 eam
564 3525 694 3587 vocem,
718 3502 762 3569 ad
778 3502 869 3569 cuius
882 3501 1050 3568 notionem
1065 3501 1270 3568 constituen-
1381 3505 1387 3513 ”

163 3604 242 3670 darn
259 3602 385 3692 aliquid
402 3602 542 3676 confert.
595 3605 711 3696 ltaque
726 3607 854 3698 primo,
879 3603 972 3694 quod
989 3602 1033 3670 ad
1050 3603 1271 3670 consociatio-
1382 3639 1384 3644 ·

162 3730 240 3774 nem
259 3707 328 3774 eius
345 3730 421 3773 curn
439 3706 648 3776 coniunctivo
666 3711 798 3800 attinet,
826 3708 982 3798 quoniam
996 3706 1040 3773 ad
1056 3706 1153 3773 huius
1168 3714 1271 3796 pote·

162 3819 284 3878 statem
297 3808 493 3877 mutandam
512 3809 596 3878 nihil
609 3813 754 3896 confert,
781 3824 849 3881 non
864 3819 978 3902 potest
992 3817 1073 3899 post
1086 3808 1271 3877 coniuncti-

161 3935 243 3980 vum
258 3913 361 4004 poni,
389 3912 497 3990 sedai
515 3924 565 3982 cst
584 3916 660 3982 voci
681 3915 884 3998 adiicienda,
912 3937 932 3979 a
953 3933 1020 4000 qua
1036 3913 1167 4004 regitur
1185 3935 1271 3980 con-

160 4016 334 4084 iunctivus.
385 4015 505 4103 ltaque
520 4011 607 4106 ἐοῖι,
638 4016 676 4098 ὃς
697 4016 757 4097 ἄν,
785 4021 820 4086 ὀι
833 4021 1066 4107 quaecumque
1081 4023 1155 4083 sunt
1171 4014 1270 4084 huius

162 4118 295 4210 generis
317 4118 383 4207 alia
411 4117 613 4187 coniunctim
638 4130 823 4211 ponuntur,
856 4109 918 4188 nisi
940 4117 1051 4207 quod,
1079 4140 1183 4208 quum
1202 4139 1271 4186 non

160 4223 194 4290 in
209 4245 311 4292 unam
325 4222 381 4289 illa
395 4242 516 4290 vocem
533 4223 733 4314 coalescunt,
760 4223 950 4294 coniunctio
963 4221 1132 4314 interponi
1146 4227 1270 4313 potest,
1316 4253 1319 4258 ·

212 4340 335 4410 Hunni.
362 4339 428 4414 ΟΡ.
449 4340 506 4412 lv.
641 4427 643 4430 Α
1024 4341 1059 4409 Ν
