2918 4890
554 261 640 322 ΗΒ.
662 261 717 325 111.
762 260 860 322 ctl‘.
885 264 916 327 2
1225 263 1286 328 141

176 453 357 546 Κροῖσον,
385 451 487 531 εἴπας
501 446 619 524 πολλοί
632 479 674 525 τε
688 450 748 524 καὶ
764 449 893 544 ὄλβια,
920 445 1086 548 ε’πηροὶτα
1101 446 1185 522 τίνα
1203 444 1286 524 δεύ-

172 580 281 647 τερον
304 549 391 644 μετ’
414 559 551 626 ἐκεῖνον
572 557 664 632 ἴδοι,
699 557 832 628 δοκέον
857 548 977 647 πάγχυ
1000 557 1188 649 δευτερεῖα
1213 553 1286 646 μεῖν

172 657 353 729 οἴσεσθαι.
382 656 554 748 Aristopiu
568 658 633 724 Av.
650 655 737 731 127.
753 682 795 726 ss.

222 828 309 898 ΕΠ
336 853 447 898 ποιαν
462 853 521 898 τιν
553 854 620 898 ουν
635 824 797 918 ηδιον
772 822 969 900 ανοίκοῐτ
983 854 1030 899 αν
1046 819 1175 908 πολιν

326 1025 445 1227 λέγοι
438 1134 533 1208 ταδί.

273 1286 405 1372 Quarta
422 1286 568 1378 denique
586 1287 697 1356 senua
712 1297 780 1376 est,
805 1310 875 1378 qua
890 1287 1029 1378 quidam
1042 1295 1164 1380 putant
1181 1309 1284 1379 repe·

170 1390 417 1567 ρίιιίοσοὲρέεοίί
431 1413 496 1481 per
511 1391 699 1483 optativum
720 1392 907 1485 designari.
933 1400 972 1459 ut
984 1392 1077 1484 apud
1093 1391 1283 1460 Homerum

224 1523 256 1589 7·

274 1642 396 1720 ἀλλ”
373 1674 436 1720 οτε
452 1639 497 1744 δη
510 1638 711 1743 πολύμητις
727 1642 906 1731 ἀναΐξειεν
923 1638 1138 1738 Οδοσσεύς,

274 1741 446 1838 στοῖσιιεν,
474 1775 562 1822 οπαι
555 1748 619 1823 δε
635 1752 782 1824 ἴδεσιεν

171 1917 205 1972 et
223 1901 309 1972 232

270 2049 424 2130 πολλολνι
439 2083 507 2149 μιν
521 2053 692 2141 ξείνισσεν
706 2053 899 2182 οἱρηιφιλος
921 2054 1133 2144 Μενέλαος,
1193 2136 1195 2142 ,

274 2162 358 2257 οἴκῳ
373 2165 411 2233 ἐν
429 2158 617 2258 ἡμετέρῳ,
644 2153 757 2235 οπότε
771 2155 1006 2259 Κρήτηθεν“’
986 2182 1115 2231 ιιιοιτο.

171 2329 243 2399 Sed
258 2331 350 2398 iilam
368 2331 562 2422 opinionem
583 2331 703 2399 salsam
722 2354 814 2420 esse,
840 2331 907 2398 iam
931 2328 977 2397 ad
997 2327 1113 2421 Vrget.
1130 2349 1168 2420 p
1190 2325 1278 2417 999.

170 2434 294 2506 monui.
327 2435 407 2501 Non
423 2435 510 2501 enim
521 2436 585 2502 alia
599 2436 633 2502 in
648 2435 715 2502 hoc
730 2457 857 2527 genere
871 2434 920 2502 vis
935 2441 985 2502 est
999 2432 1149 2524 optativi,
1176 2455 1280 2523 quum

136 2570 139 2576 ·
170 2546 223 2624 ut,
258 2559 362 2626 quum
386 2536 583 2606 indicativus
604 2538 650 2606 ad
676 2549 806 2606 certum
828 2538 955 2605 factum
976 2544 1127 2628 spectet,
1158 2535 1194 2604 id
1214 2559 1280 2628 per

170 2640 356 2730 optativum
373 2639 534 2709 reddatur
549 2642 729 2728 incertum,
754 2641 801 2708 itu
818 2651 856 2709 ut
872 2640 1112 2729 quodcumque
1131 2638 1176 2706 de
1195 2641 1278 2730 plu·

169 2743 260 2810 ribus
273 2743 369 2809 factis
386 2744 537 2835 cogitare
552 2746 633 2812 velis
648 2744 783 2817 iudicet.
836 2744 927 2810 Nam
941 2741 1099 2832 repetitio
1115 2764 1183 2808 non
1197 2749 1279 2832 pot-

153 2868 155 2874 ’
171 2853 221 2912 est
240 2846 310 2913 ullo
328 2845 433 2913 modo
452 2855 519 2938 per
534 2848 721 2938 optativum
737 2845 935 2940 significari,
961 2844 1022 2912 sed
1046 2845 1133 2912 inest
1147 2844 1182 2912 in
1197 2867 1278 2913 ver-

170 2947 243 3031 bis,
274 2948 395 3038 quibus
417 2949 473 3017 ilie
504 2950 677 3020 adiunctus
705 2958 763 3018 est
816 2948 915 3017 Vnde
940 2947 1012 3016 fere
1034 2947 1090 3015 vel
1112 2943 1187 3034 εἰεί,
1221 2948 1278 3017 vel

169 3045 337 3131 πολλάκις
352 3051 522 3139 adiicitur,
544 3056 601 3123 vel
621 3052 762 3122 verbum
777 3052 973 3145 primarium
993 3060 1109 3119 natura
1124 3074 1183 3118 sua
1205 3050 1278 3120 fre-

170 3155 397 3242 quentativum
414 3166 474 3240 est,
500 3166 537 3225 ut
552 3152 715 3240 στάσκεν,
742 3159 878 3228 ἴδεσκεν
893 3157 927 3222 in
940 3155 1045 3222 altero
1058 3156 1191 3222 illorum
1199 3154 1277 3226 Ho-

168 3258 252 3324 meri
259 3258 423 3344 locorum,
448 3261 813 3349 innumerabilibusque
829 3258 922 3350 apud
932 3257 1146 3326 Herodotum
1160 3280 1277 3326 exem-

167 3360 250 3449 plis,
275 3361 331 3428 vel
345 3360 491 3451 denique
505 3365 604 3431 etiam
618 3363 855 3454 imperfectum
868 3370 1004 3452 tempus
1019 3361 1113 3428 verbi
1126 3361 1277 3452 primarii

167 3463 403 3554 repetitionem
422 3465 503 3532 facti
517 3467 672 3536 continet.
724 3467 792 3533 Pro
806 3487 847 3532 eo
868 3486 1026 3556 praesens
1040 3463 1145 3531 habet
1161 3463 1277 3531 Hero-

168 3564 309 3633 dotusl.
327 3563 439 3635 29ss
415 3569 650 3640 απιννεόνται
665 3573 698 3645 ἐς
696 3561 855 3658 Σαρδις
877 3563 1105 3658 ἀκμαζούσας
1128 3559 1273 3658 πλούτῳ

169 3666 273 3740 ἄλλοι
289 3695 331 3740 τε
347 3675 384 3741 οἱ
397 3697 528 3750 παντες
544 3675 581 3743 εἰι
603 3670 670 3794 τῆς
682 3667 858 3751 Ελλάδος
875 3667 1061 3764 σοφισταί,
1090 3673 1129 3738 οὶ
1139 3667 1275 3740 τοῦτον

167 3796 235 3841 τον
255 3765 389 3867 χρόνον
404 3766 617 3903 ἐτύγχανον
630 3767 769 3860 ἐόντες,
797 3771 842 3853 οἱς
866 3777 1014 3850 ενασεος
1035 3765 1157 3842 αὐτοῖν
1183 3765 1274 3842 οἷπε-

167 3873 325 3963 ννέοιτο,
351 3901 411 3946 ναι
404 3869 470 3972 δή
484 3903 544 3947 ναι
537 3870 697 3949 Σόλων.
729 3876 821 3960 Quin
836 3898 879 3942 ne
893 3874 1028 3941 omuino
1043 3871 1180 3962 quidem
1199 3895 1274 3941 rem

100 4030 101 4033 ,
167 3976 301 4067 saepius
325 3977 450 4047 factem
463 3980 585 4070 respici
601 4001 738 4048 necesse
755 3986 823 4061 est,
850 3977 910 4046 sed
925 3977 1003 4046 satis
1021 3984 1072 4046 est
1090 3975 1217 4047 factum
1236 3984 1275 4046 ut

167 4080 351 4172 cogitatum
369 4083 633 4150 commemorari.
686 4083 744 4153 Sic
758 4080 854 4150 lliad
868 4101 907 4176 ψ.
928 4079 1015 4153 494.

268 4277 330 4324 ναι
321 4248 384 4326 δ’
396 4250 491 4350 ἄλλῳ
507 4253 733 4348 νεμεσᾶτον,
759 4280 837 4335 orec
852 4246 1013 4326 τοιοῦτοί
1025 4279 1065 4346 γε
1081 4249 1187 4347 ρέζοι.
