2918 4890
316 347 323 356 .
392 291 396 296 ·
505 255 637 318 elul.
683 255 928 319 eastun.
985 295 994 308 ·
1242 259 1285 325 et
1392 316 1396 324 .

166 445 261 514 dicta
275 451 371 531 sunt,
398 446 476 537 quia
491 447 583 515 nulla
598 455 649 517 cst
670 446 817 515 conditio
832 467 901 515 ιιοιι
919 445 1060 538 impieta
1073 447 1108 515 in
1124 447 1283 540 primaria

167 549 333 619 sententia
350 544 471 623 δεινόν
485 554 595 624 ἐστιν.
629 550 708 618 Hoc
727 561 838 620 autem
853 553 888 622 si
899 544 1123 647 παρειχόμην
1140 549 1200 641 ἄν,
1226 555 1284 622 ubi

167 667 239 723 n'on
256 661 352 721 recte
375 677 396 720 a
420 652 581 722 Belukero
599 677 677 722 cum
698 654 831 722 duobus
855 653 954 721 codd.
979 655 1138 722 omissum
1155 666 1206 723 est
1226 654 1282 736 ἄν,

167 766 355 850 propterca
376 755 503 824 dictum
527 766 596 844 cst,
623 758 701 847 quia
725 757 898 849 duplicem
920 755 1026 824 habet
1049 757 1283 830 conditionem.

170 862 300 930 Sensus
320 859 377 926 hic
402 869 469 928 est:
503 861 643 929 matum
660 882 767 950 veru,
793 861 827 930 si
851 861 961 929 iidem
984 868 1095 929 testes
1108 883 1184 953 pru
1210 863 1285 932 iilis

171 971 351 1033 testantes
360 961 451 1058 fide
466 965 574 1057 digni
594 973 729 1044 essent,
749 986 825 1057 pro
850 986 907 1032 me
929 972 1052 1032 autem
1072 966 1213 1033 natum
1223 966 1285 1061 fi-

172 1068 260 1136 dem
284 1064 483 1148 habebunt3
520 1077 572 1154 et,
604 1066 637 1136 si
664 1068 807 1136 omnino
830 1090 902 1136 nun
934 1063 1129 1162 affuissent
1164 1078 1285 1154 testes,

171 1192 247 1264 ega
269 1179 391 1239 autem
422 1170 648 1240 exhibiturus
666 1169 845 1263 suessan,
877 1171 955 1259 uel,
992 1171 1053 1261 qui
1079 1168 1285 1267 affuissent,

98 1326 102 1332 -
170 1297 245 1343 nun
262 1272 524 1360 exhibuissem,
551 1275 619 1343 sed
632 1275 744 1359 alias,
771 1275 934 1368 ijssorum
955 1273 1060 1343 dicta
1074 1276 1164 1366 plus
1171 1275 1285 1370 fidei,

173 1399 287 1468 quam
307 1376 378 1445 mci
402 1385 530 1462 testes,
562 1375 783 1446 habuissent.
819 1377 938 1446 ·Addc
968 1377 1195 1445 conditionem
1218 1402 1286 1449 ιιοιι

171 1480 347 1606 impletam
363 1480 540 1571 principali
562 1481 763 1570 sententiae,
790 1488 824 1548 et
843 1479 996 1547 videbis
987 1488 1034 1546 tta
1055 1481 1121 1548 dici
1142 1480 1286 1553 debere.

171 1576 480 1654 attrectanti
454 1611 501 1655 αν
518 1611 581 1680 ην,
608 1585 644 1654 εἰ
655 1589 691 1655 οἱ
709 1578 816 1654 αυτοὶ
831 1575 1015 1677 μα’ρτνρις
1027 1577 1174 1704 τούτοις
1188 1612 1287 1681 μαρ·
1348 1659 1351 1663 ,

172 1683 371 1808 τυροῦντες
391 1685 516 1757 πιστοι
543 1682 655 1781 ηοαν,
682 1684 814 1757 uui-
845 1679 988 1764 cautuae
1008 1690 1045 1757 oi
1065 1680 1207 1760 τούτων
1229 1683 1287 1761 λό-

173 1813 244 1906 yut·
256 1781 469 1906 πιστότεροι
491 1785 585 1885 ἦσαν
608 1787 682 1862 τῶν
705 1787 802 1880 inuis
826 1780 1033 1882 μαρτύρων.
1086 1789 1176 1858 Ηίιιο
1196 1791 1287 1859 iudi-

146 1962 149 1966 ,
175 1889 380 1980 caripoterit
393 1890 436 1958 dc
450 1891 528 1960 loco
544 1891 781 1961 Demosthenis
797 1890 841 1958 de
859 1913 927 1958 cor
945 1912 979 1981 p.
996 1887 1082 1979 26⁰,
1108 1890 1141 1959 l.
1158 1893 1217 1965 nai
1234 1893 1289 1976 τίς

176 1989 243 2066 οὐκ
257 1991 304 2064 οἷν
323 1988 514 2068 ἀπέκτεινέ
523 2023 572 2087 με
587 1993 750 2119 denatae,
778 1995 864 2066 εἴτι
886 1993 960 2066 uuis
981 1987 1219 2123 νπαρχόντων
1241 1998 1289 2093 τῇ
1344 1998 1350 2013 “

175 2089 282 2168 πόλει
313 2095 432 2170 πολῶν
471 2091 564 2193 λόγῳ
602 2093 720 2190 μόνον
762 2090 1018 2186 καταισχύνειν
1057 2096 1289 2196 ἐπεχείρησας

177 2197 290 2267 codd.
306 2199 487 2289 quidam
469 2198 681 2297 επεχείρησα
703 2196 759 2272 ἄν
812 2199 884 2268 Sed
904 2207 996 2267 recte
1012 2200 1167 2267 omittunt
1180 2203 1289 2293 parti·

176 2301 294 2370 culam*
308 2303 364 2370 alii
381 2302 481 2372 codd.
499 2313 533 2372 et
552 2303 753 2373 Plutarchus
776 2325 811 2395 p.
833 2299 920 2371 542.
939 2302 981 2374 A.
1033 2303 1169 2372 Tertius
1191 2303 1289 2373 deui-

128 2430 139 2440 ·
176 2428 245 2496 que
257 2405 398 2494 modus,
423 2430 493 2496 quo
516 2407 561 2480 civ
581 2407 764 2495 additur,
754 2429 781 2475 ts
800 2416 867 2494 est,
894 2429 1000 2497 quum
1020 2406 1055 2474 iu
1075 2407 1227 2476 oratione
1247 2431 1290 2478 ex

176 2509 333 2602 pluribus
352 2511 512 2579 membris
543 2512 747 2615 composita,
779 2512 965 2602 praecessit
989 2512 1150 2579 sententia
1173 2535 1296 2582 carens·

178 2611 370 2681 conditione
385 2636 454 2682 non
473 2615 629 2707 impleta,
654 2616 734 2683 licet
755 2613 920 2683 eiusmodi
934 2614 1107 2683 conditio'
1097 2638 1132 2682 ιιι
1154 2624 1290 2685 sentcn-

176 2712 225 2784 tia
244 2717 421 2808 principali
442 2719 530 2786 insit.
582 2719 672 2787 Nam
694 2740 762 2785 uon
776 2726 893 2807 pssset
912 2717 1069 2809 intelligi,
1098 2717 1142 2785 de
1164 2741 1203 2786 re
1222 2741 1291 2788 nou

176 2841 277 2906 vera,
302 2819 364 2888 sed
386 2821 534 2913 cogitata
556 2844 746 2891 sermonem
770 2843 859 2907 esse,
895 2820 922 2887 si
948 2820 1189 2911 praecedentia
1217 2846 1291 2890 rem

177 2922 511 2993 factamcoutiuent.
549 2925 748 2994 =Aeschines
769 2946 798 2994 c.
820 2924 993 2996 Timarch.
1009 2948 1045 3016 p.
1067 2923 1153 2991 lut.
1182 2923 1291 3016 (329.

179 3020 216 3120 ἕ.
240 3020 301 3096 85.
318 3025 447 3118 Bekk)
475 3023 607 3101 οοίιοῦν
629 3025 770 3100 ἄτοπον
789 3025 933 3122 ἂνεῖη,
961 3022 990 3098 ui
1010 3022 1230 3122 Ἀθηναῖοι,
1259 3030 1294 3101 si

178 3127 291 3225 μηδὲν
311 3127 389 3221 μὲν
401 3129 494 3220 ἐμοῦ
515 3132 701 3224 λεγοντος,
732 3125 839 3201 αὐτοὶ
858 3128 974 3222 uota
993 3157 1060 3225 την
1084 3129 1291 3223 ἐπωνυμίαν

179 3229 254 3304 τοῖν
270 3231 383 3331 ἔργων
398 3260 448 3354 un
464 3227 610 3307 σύνιστε
624 3226 762 3327 τούτῳ,
786 3236 878 3324 tuos
864 3231 932 3305 δὲ
948 3233 1113 3324 λέγοντος
1128 3235 1292 3355 ἑπιλέλη-
1332 3268 1335 3274 ·
1452 3305 1455 3315 .

181 3341 271 3420 aba
297 3333 357 3406 nui
379 3327 440 3433 μή
459 3337 650 3460 γενομένης
670 3336 739 3427 μὲν
755 3334 901 3430 κρίσιος
921 3335 1031 3430 περι
1032 3333 1102 3406 τοῦ
1122 3330 1293 3431 πράγμα-

179 3461 258 3524 τος,
283 3433 400 3531 ἥλω
375 3465 435 3526 αν,
461 3432 652 3532 γεγονότος
670 3439 708 3511 δὲ
723 3439 868 3549 ἐλέγχον
885 3429 1151 3532 cittcasu'tsuat,⁸
1176 3438 1292 3530 Aper·
1352 3532 1356 3539 A

179 3547 254 3606 tum
275 3547 342 3626 cst,
368 3564 396 3608 ιι
384 3540 470 3609 hic
494 3539 678 3610 abesset
652 3568 719 3629 αν,
747 3544 881 3610 sensum
897 3541 991 3630 fore,
1017 3540 1051 3611 si
1074 3540 1134 3611 hic
1155 3563 1293 3613 caussa

182 3641 334 3732 cecidit,
359 3666 446 3734 uon,
471 3668 504 3716 si
496 3645 722 3719 cecidisset.

306 3999 372 4070 Dc
394 4001 846 4098 umissaparticula
871 4004 924 4078 ἂν
950 4001 1171 4076 universe.

205 4214 209 4221 .
284 4153 507 4239 Ιιιοοιιιιιιιιιιί
522 4158 723 4248 scriptorum
735 4181 796 4226 usu
811 4159 918 4226 multu
934 4156 1067 4249 saepius
1086 4156 1206 4223 omissa
1214 4176 1296 4244 pur-

181 4255 289 4340 ticuta
300 4255 348 4330 οἲν
369 4258 611 4344 dubitationem
624 4262 780 4330 excitavit
794 4263 871 4332 viris
891 4262 1012 4347 doctis,
1039 4282 1141 4352 quam
1156 4258 1297 4343 adiecta,
