2918 4890
226 301 290 363 820
352 294 406 356 llll
426 290 760 355 nuscuurlouluvs
775 290 999 368 eruvsulu
1021 291 1196 354 uutucts.

227 491 282 559 vel
295 488 413 557 saltem
428 483 712 553 verisimillimum
726 483 777 553 sit.
830 482 930 551 Hanc
942 484 1097 576 regulam
1109 486 1136 551 si
1153 485 1197 552 ad
1214 486 1332 555 hocce

228 578 438 686 epigramma
462 588 692 681 applicamus,
726 587 839 678 primo
867 587 1174 670 animadvertimus,
1208 586 1286 662 ἀλλ’
1307 589 1357 663 δ’

228 696 297 790 μὲν
312 693 358 762 ad
374 692 503 782 aliquid
518 692 712 783 oppositum
727 690 862 777 referri,
888 700 989 779 atque
1010 690 1168 759 idcirco
1159 714 1193 759 ιιι
1213 694 1330 761 verbis

228 820 316 889 quae
334 804 493 887 corrupta
512 803 588 862 sunt
610 793 655 860 de
675 793 788 882 aliquo
808 817 995 863 sermonem
1016 817 1105 880 esse,
1132 797 1190 885 qui
1208 818 1331 903 oppo-

228 910 324 969 natur
345 920 479 992 sponso.
538 897 611 964 lam
640 896 722 964 nihil
747 906 818 964 tam
846 908 1102 965 consentancum
1124 908 1189 986 est,
1223 923 1355 994 qnam¹

229 1025 354 1096 sponso
370 1002 500 1094 opponi
514 1022 683 1091 sponsam
734 999 843 1089 ldque
866 1023 908 1069 ιο
928 1001 967 1067 lit
981 1001 1204 1092 probabilius,
1231 1003 1329 1094 quod

228 1130 316 1197 quae
336 1107 477 1215 primae
485 1105 518 1172 in
539 1103 653 1195 lapide
671 1113 853 1192 sequuntur
881 1104 1048 1195 syllabae,
1080 1106 1281 1178 TOYAEI
1283 1111 1328 1194 Υ

228 1211 284 1278 vix
304 1208 349 1276 ad
371 1190 477 1276 aliam
496 1207 621 1276 ducunt
646 1207 889 1295 coniecturam,
919 1231 1021 1296 quam
1050 1207 1095 1275 ad
1119 1209 1189 1280 τοῦ
1210 1211 1248 1283 δε
1272 1202 1326 1282 σύ.

126 1344 134 1371 ι
228 1311 337 1404 ldquc
357 1311 527 1403 aptissime
544 1332 620 1377 curn
633 1311 863 1438 praegressis
851 1311 1002 1378 versibus
1017 1311 1176 1394 concinit,
1195 1312 1230 1379 in
1247 1315 1328 1403 qui-

229 1417 291 1484 bus
319 1414 511 1483 defunctam
539 1436 603 1504 per
626 1411 683 1483 τοι
713 1422 747 1480 ιι
765 1406 934 1508 ιιαιιιωρε
958 1416 1153 1505 compellari
1172 1415 1327 1486 vidimus.

229 1523 343 1608 Atque
361 1526 515 1608 apertum
538 1525 604 1601 est,
636 1515 671 1582 in
694 1516 900 1606 opponendo
923 1539 992 1583 non
1011 1519 1197 1592 necessario
1222 1514 1275 1592 od
1288 1522 1328 1594 δὲ

228 1621 370 1711 requiri,
404 1619 482 1704 sed,
513 1641 578 1710 pro
611 1618 801 1685 conditione
827 1619 998 1687 notionum
1028 1645 1114 1711 quae
1149 1621 1328 1692 adiunctae

228 1732 320 1810 sunt,
348 1722 386 1796 δὲ
406 1731 439 1789 ιι
461 1729 576 1814 potest
599 1729 633 1788 et
653 1718 833 1810 aliquando
857 1720 959 1790 debet
981 1734 1061 1814 post
1083 1726 1181 1792 aliam
1204 1744 1328 1796 vocem

227 1827 325 1918 poni,
351 1848 452 1915 quam
479 1833 559 1917 post
582 1847 657 1891 eam
686 1847 788 1946 quarn
815 1826 1037 1946 oppositum
1028 1850 1068 1894 ιιι
1080 1839 1325 1919 exspectamus

227 1929 331 2019 Atqui
364 1937 499 2020 praeter
530 1926 613 1995 illud
647 1927 716 2000 τοῦ
744 1927 783 2000 dd
806 1953 859 1999 συ
843 1921 954 1995 nihil
984 1929 1045 1997 nisi
1067 1933 1272 2006 MHAEN
1294 1945 1328 2002 ct

227 2032 370 2107 ΑΙΔΑ
380 2054 448 2099 non
467 2031 688 2123 ambiguum
678 2052 713 2097 m
732 2029 847 2121 lapide
861 2033 1019 2099 cernitur:
1045 2055 1133 2122 quae
1151 2037 1255 2103 verba
1282 2037 1328 2106 de

228 2157 357 2203 summa
375 2134 426 2202 rei
446 2133 529 2202 nihil
553 2133 634 2201 certi
649 2133 814 2227 produnt.
867 2120 1029 2202 Caeterae
1049 2137 1178 2206 litterae
1195 2147 1329 2208 tantum

227 2238 323 2306 abest
341 2244 377 2304 ut
396 2237 555 2305 indicium
575 2236 698 2303 iaciant
720 2237 917 2322 sententiae,
953 2246 992 2304 ut
1016 2261 1090 2307 eam
1111 2241 1245 2312 aliunde
1266 2267 1328 2312 su-

226 2363 321 2409 mere
348 2349 523 2432 oporteat,
556 2361 624 2429 quo
648 2339 796 2407 invenire
821 2339 941 2428 quibos
969 2344 1079 2411 verbis
1105 2368 1263 2437 expressa
1286 2348 1329 2415 sit

226 2443 403 2535 possimus.
455 2438 554 2510 Nunc
575 2441 821 2510 usitatissimum
839 2443 1005 2511 veteribus
1029 2455 1096 2530 est,
1123 2449 1150 2515 si
1171 2450 1245 2538 quis
1261 2451 1327 2517 ali-

226 2545 308 2635 qnid
327 2545 451 2630 amisit,
485 2543 771 2634 quemadmodum
792 2544 848 2610 hic
869 2567 1010 2635 sponsus
1026 2571 1201 2640 sponsam,
1231 2576 1328 2620 mor-

226 2658 284 2716 tua
298 2655 411 2716 autem
425 2648 519 2736 quod
534 2647 693 2738 sperabat
709 2647 927 2733 connubium,
952 2648 989 2715 id
1009 2652 1132 2721 diserte
1151 2664 1328 2745 tamqnam

225 2752 436 2820 miseratione
453 2751 593 2844 dignum
608 2751 871 2841 commemorari.
922 2751 980 2819 Sic
1001 2754 1171 2826 Homerus
1192 2759 1227 2826 in
1246 2760 1327 2828 loco

225 2855 402 2946 persimili,
429 2853 554 2946 Odyss.
570 2854 629 2922 XI.
653 2853 740 2926 321
767 2854 811 2921 de
825 2854 987 2924 Ariadna:

804 3005 847 3102 ῆι
874 3035 963 3080 ποτε
993 3004 1127 3131 Θησιιις

263 3112 313 3180 ιιι
338 3101 530 3236 Κριξιης
513 3134 546 3186 ις
571 3105 701 3195 γοῦιον
726 3103 962 3232 Λθηιοὲωι*
948 3105 1079 3206 saprico

277 3205 341 3306 ἦγε
371 3211 459 3302 μέν,
501 3205 582 3282 οὐδ
608 3204 790 3306 αἰιόιητο·
834 3207 948 3340 colpos
983 3216 1024 3287 δι’
1052 3242 1118 3307 μιν
1147 3213 1327 3311 Αρτεμις

278 3414 394 3511 Δίῃ’
377 3440 416 3486 ιι
443 3407 650 3510 ἀμφιρύτῃ,
680 3410 867 3490 Διονύσου
884 3317 1144 3517 &didicerem

224 3565 358 3645 Eadem
378 3565 539 3654 formula,
575 3562 659 3638 οὐδ’
681 3562 865 3666 ἀπόνητο,
900 3570 1063 3638 invenitur
1086 3570 1209 3662 Odyss.
1232 3572 1326 3641 xvi.

226 3669 317 3737 120:
344 3669 454 3742 XVll.
471 3667 556 3736 293.
609 3671 766 3761 Apollon.
791 3672 817 3739 Ι.
832 3672 893 3745 88.
939 3675 1011 3741 Iam
1030 3676 1063 3742 in
1081 3677 1326 3767 epigrammate

224 3772 282 3840 illo
311 3773 367 3840 vel
401 3771 446 3840 de
472 3793 597 3864 sponso
621 3773 676 3840 rel
704 3773 748 3840 dc
775 3798 898 3866 sponsa
920 3778 974 3844 ιιΙ
998 3777 1042 3845 de
1065 3779 1230 3845 ambobus
1259 3777 1328 3844 dici

223 3875 350 3966 potnit,
378 3885 530 3967 ereptam
549 3898 622 3943 esse
643 3886 751 3943 morte
772 3901 915 3968 sponsae
937 3890 1105 3971 speratam
1121 3881 1324 3947 felicitatem.

225 3977 374 4062 Quodsi
399 3981 489 4068 quis,
512 3979 669 4068 quoniam
686 4002 765 4047 casu
784 4004 869 4068 quae
892 3984 961 4074 legi
981 3995 1122 4074 possunt
1135 3985 1264 4050 litterae
1288 4007 1327 4051 se

223 4081 418 4175 commodas
440 4084 641 4174 praebeant,
675 4082 836 4172 quodque
868 4087 903 4152 in
938 4089 1005 4154 fine
1021 4097 1089 4155 xcst
1120 4092 1164 4159 X
1186 4089 1327 4154 lacunae

223 4185 360 4276 signum-
373 4208 446 4254 csse
461 4185 630 4273 videatur,
657 4186 765 4254 statim
782 4189 934 4256 coniiciat
951 4192 1113 4282 scriptum
1128 4190 1246 4274 fuisse,
