2918 4890
220 265 283 326 112
556 266 613 325 1)Ε
651 196 991 328 PARTlcvtt'dv

324 452 395 534 ἔστ’
423 453 468 527 ἄν
494 461 714 551 παμφεγγεῖς
739 453 881 552 ἄστρων

323 553 448 653 ῥιπάς,
475 551 608 630 λεύσσω
636 558 675 630 δὲ
701 552 783 631 τόδ’
811 555 920 655 ἦμαρ.

219 709 266 778 Et
278 710 373 802 apud
388 709 586 802 Euripidem
599 711 725 782 Alcest.
741 709 827 780 337.

321 865 407 936 οἴσω
435 863 473 935 δὲ
500 863 634 943 πένθος
661 859 726 935 οὖν
753 857 898 957 ἐτήσιον
924 857 1031 948 τόδε,

321 960 402 1038 ἀλλ’
429 961 501 1046 ἔντ’
528 964 574 1038 ἄν
600 958 689 1038 αἰσῖν
715 962 829 1060 σ’ὐμός
855 963 1008 1063 ἀντέχῃ,
1035 959 1153 1058 γύναι.

217 1118 386 1209 Exempla
400 1128 517 1209 aperte
533 1119 680 1186 incertae
694 1119 744 1187 rei
759 1143 823 1212 per
843 1117 888 1190 ἄν
903 1119 1109 1210 significatae
1126 1141 1204 1186 cnm
1219 1120 1326 1209 parti-
1396 1207 1399 1211 .

218 1223 299 1289 cnlis
324 1223 439 1290 donec
469 1223 524 1290 vel
550 1223 750 1313 nequedum
776 1223 832 1290 vel
858 1222 1034 1312 quamdiu
1062 1223 1326 1314 significantibus

216 1324 295 1393 vide
314 1325 406 1416 apud
421 1325 631 1416 Sophoclem
645 1326 698 1396 Αἰ.
716 1325 829 1396 111Ί.
847 1324 935 1392 Oed.
950 1323 1023 1392 Col.
1044 1324 1128 1394 114.
1139 1325 1233 1416 apud
1251 1325 1328 1393 En-
1433 1372 1439 1382 -

216 1427 360 1518 ripidem
374 1426 515 1518 Hippol.
537 1425 623 1494 659.
637 1429 713 1499 Alc.
730 1426 840 1496 1024.
866 1426 963 1517 Cycl.
979 1425 1066 1498 623.
1084 1428 1178 1520 apud
1190 1429 1326 1497 Aristo·

215 1531 365 1623 phanem
380 1531 471 1601 Nub.
487 1528 598 1597 1469.
619 1529 732 1602 1489.
750 1531 837 1602 Ach.
854 1526 941 1602 235.

317 1632 451 1699 Eodem
467 1633 571 1700 modo
591 1633 691 1700 ctiam
707 1635 814 1728 μέχρι
830 1643 864 1700 et
878 1632 964 1726 ἄχρι
980 1656 1049 1701 non
1069 1602 1146 1701 rado
1161 1634 1326 1725 particula

208 1732 261 1808 ’ἄν
285 1746 415 1803 carent:
441 1744 479 1802 nt
492 1735 586 1828 apud
603 1736 812 1827 Sophoclem
827 1737 880 1802 Αἰ.
902 1733 990 1808 5ῖ1.
1042 1737 1097 1803 Ex
1111 1737 1325 1826 Thucydide

215 1839 370 1930 exempla
384 1827 626 1930 dedit'Poppo
638 1841 672 1906 in
687 1837 789 1910 Obss.
807 1839 876 1908 crit.
893 1840 928 1905 in
940 1839 1103 1930 Thucyd.
1132 1862 1174 1906 ex
1185 1841 1325 1930 Hippo·

87 2018 92 2025 ¹
215 1951 306 2009 crate
338 1941 479 2031 aliisque
502 1942 696 2010 Lobeckins
725 1941 770 2008 ad
794 1942 1043 2031 Phrynichum:
1076 1940 1214 2010 sedhic
1235 1966 1324 2033 qnae

214 2065 256 2113 cx
278 2045 491 2135 Hippocrate
515 2046 559 2113 de
584 2045 699 2114 Morb.
725 2046 821 2130 citat,
854 2068 898 2112 ne
924 2047 998 2136 quis
1022 2045 1147 2112 frustra
1173 2056 1323 2135 quaerat,

145 2222 147 2226 ,
213 2148 295 2214 sciat
309 2148 378 2239 legi
393 2149 427 2215 in
443 2149 498 2220 ed.
512 2147 679 2221 Mackiil.
699 2147 759 2222 12.
780 2149 848 2216 vol.
862 2149 906 2220 ll.
920 2172 954 2241 p.
971 2146 1057 2215 199.
1072 2147 1132 2216 Ν.
1145 2145 1225 2240 lp.
1236 2147 1321 2217 274.

211 2248 270 2318 lv.
295 2249 354 2317 14.
374 2275 410 2341 p.
432 2249 518 2337 286.
541 2253 576 2318 in
599 2277 667 2341 qua
686 2253 811 2344 pagina
832 2253 933 2319 ctiam
951 2249 1043 2319 alind
1066 2253 1258 2343 exemplum
1281 2275 1323 2321 ex
1404 2262 1414 2289 s

210 2353 440 2444 praecedente
457 2355 569 2445 capite
586 2356 737 2422 adnotari
755 2363 922 2446 potuerat.

314 2456 462 2523 Pertinet
478 2457 602 2524 adhoc
616 2479 725 2549 genus
741 2459 840 2525 ctiam
853 2455 898 2536 αἱς
915 2455 974 2544 ἄν,
1002 2457 1119 2526 donec
1132 2457 1322 2548 significare

212 2556 388 2646 creditum,
414 2558 458 2626 de
480 2582 548 2649 qno
564 2559 632 2626 dixi
648 2560 692 2626 ad
713 2560 821 2652 Soph.
841 2559 984 2626 Philoct.
1010 2558 1122 2631 1314.
1143 2561 1244 2628 etad
1266 2561 1320 2632 Αἱ.

212 2657 324 2728 1996.
346 2661 440 2751 quod
456 2671 507 2731 est
523 2664 663 2755 proprie
681 2664 736 2731 vel
749 2672 960 2753 utcumque,
988 2669 1026 2729 nt
1048 2663 1084 2729 in
1106 2659 1218 2732 Aiacis
1231 2665 1320 2751 loco,

707 2817 777 2890 τσῦ
803 2815 841 2890 δὲ
868 2815 936 2888 σοῦ
960 2807 1087 2911 ψόφου

315 2911 379 2988 οὖν
407 2915 452 2990 ἂν
478 2910 699 3018 σνραφεῖην,
727 2918 772 3001 cic
798 2919 843 2992 ἄν
870 2914 909 3021 ᾖς
936 2911 1078 3016 οἷόνπερ
1102 2912 1159 3016 εἷ..

211 3067 289 3135 etin
304 3067 447 3136 Philoct.
463 3068 575 3139 1329.
665 3157 668 3161 r

309 3219 370 3307 καὶ
395 3221 536 3295 παῦλαν
563 3225 644 3298 ἴσθι
670 3224 788 3323 τῆςδῖ
799 3219 940 3322 μήποτ’
964 3225 1125 3313 ἐντυχεῖν

310 3316 423 3395 νόσον
449 3326 620 3423 βαρείας,
648 3325 693 3408 cic
720 3327 765 3401 dv
793 3326 899 3407 οὗτος
926 3324 1025 3422 ἥλιος

312 3419 429 3522 ταύτῃ
445 3428 513 3519 μὲν
530 3431 637 3526 αἴρῃ,
664 3431 750 3528 τῇδε
777 3428 812 3503 d'
840 3426 888 3502 cri
915 3423 1000 3526 δύνῃ
1026 3423 1143 3501 πάλιν.

209 3576 263 3644 vel
277 3577 345 3646 tao·
363 3580 524 3670 quodam
541 3584 668 3672 modo,
696 3607 785 3676 qno,
810 3592 848 3651 nt
860 3570 897 3650 in
908 3583 1028 3674 Enrip.
1049 3581 1178 3651 Phoen.
1194 3577 1256 3648 99.

309 3728 448 3823 ἐπίσχες
456 3788 469 3822 ,
498 3731 542 3816 ric
568 3733 614 3809 oio
641 3728 934 3834 προύξερσυνήσω
960 3733 1088 3829 στίβον
1099 3733 1149 3825 *J-

208 3919 417 3935 m

291 4036 319 4109 *)
344 4035 419 4096 Vide
440 4034 479 4094 ad
499 4033 589 4116 Soph.
613 4036 709 4116 Antig.
731 4037 803 4104 215.
829 4036 877 4098 ed.
899 4044 967 4100 tert.
