2918 4890
465 274 575 352 'nra
601 289 637 351 n.
683 287 781 354 car.
802 293 833 354 4.
855 291 887 354 a.
1188 291 1245 364 ,οο

126 482 244 551 licebit
258 481 361 550 etiam
384 437 429 549 de
451 479 504 549 his
521 480 632 549 verbis
654 480 804 547 eiusdem
823 478 994 570 scriptoris
1012 475 1054 550 V
1073 476 1135 547 82.
1154 480 1244 548 iudi-

126 609 227 654 care:
270 584 354 681 περὶ
384 578 520 682 ταύτης
546 609 596 654 ων
628 583 691 678 τῆς
722 608 910 676 συμφορης
943 586 980 654 οἱ
1008 575 1245 676 Επιδαύριοι

126 689 307 784 ἐχρέωντο
328 693 367 760 ἑν
391 688 590 782 Δελφοῖσι·
610 713 647 804 η
638 682 709 758 δὲ
727 684 855 782 Πυθίη
873 685 985 777 σφέας
1002 686 1141 758 ἐκέλευε
1162 685 1244 757 Δα-

124 792 222 888 μίης
233 817 275 864 το
301 788 362 862 καὶ
392 784 573 912 Αὐξησίης
595 781 791 880 ἀγάλματα
814 779 1058 909 ἱδρύσασθαι,
1090 786 1152 859 καί
1180 814 1245 883 σφι

127 888 453 1016 ἱδροσομένοισι”
428 916 578 983 αμοινον
601 889 857 963 συνοίσεσθαι
891 881 1108 984 ἐπειρώτεον
1131 885 1181 962 οἷν
1208 895 1245 963 οἱ

126 989 376 1092 Ἐπιδαύριοι,
403 987 535 1088 κότερα
557 993 896 1082 χαλκοῦποιέονται
913 1019 961 1063 τα
953 985 1193 1084 α’γσῖλματα,
1220 990 1250 1090 ἢ
1384 1032 1389 1055 ,

128 1099 250 1172 λίθου.
302 1096 544 1165 Valckenarius
568 1095 624 1162 hic
645 1096 843 1168 ποιέωνται
863 1093 1077 1162 scribendum
1092 1096 1244 1187 putabat,

128 1225 185 1269 cur
173 1200 418 1292 adstipulatus
434 1209 485 1268 est
496 1198 695 1266 Werferus
686 1221 720 1265 rn
733 1198 810 1265 Act.
826 1196 964 1270 Monac.
979 1197 1007 1268 Ι.
1022 1222 1058 1289 p.
1075 1197 1162 1272 231.
1173 1223 1244 1290 seq.

128 1313 164 1373 et
190 1304 264 1394 quis
289 1327 357 1373 non
383 1303 483 1385 facile
506 1300 714 1382 adducatur,
750 1299 844 1369 utin
868 1299 1024 1368 eamdem
1048 1301 1246 1370 sententiam

129 1407 320 1476 concedat?
350 1407 397 1475 Et
420 1416 551 1489 tannen,
576 1405 639 1473 nisi
661 1404 778 1487 fallor,
804 1412 896 1472 recte
911 1412 1046 1471 tuentur
1068 1405 1144 1472 libri
1160 1404 1245 1474 indi·

128 1511 294 1594 caurum,
321 1533 388 1578 non
405 1509 499 1601 quod
519 1532 587 1576 non
612 1508 744 1575 licuerit
759 1508 810 1578 uti
828 1508 1057 1576 coniunctivo:
1084 1531 1161 1576 nam
1180 1507 1244 1576 de-

127 1615 203 1682 buit
217 1614 275 1681 ille
291 1613 392 1680 etiam
409 1612 510 1706 poni,
536 1613 563 1680 si
580 1611 815 1701 quaerebatur,
841 1633 884 1679 ex
899 1633 966 1701 qua
982 1612 1123 1680 materia
1136 1634 1243 1705 opor-

127 1725 217 1785 teret
230 1725 352 1812 statuas
372 1717 446 1784 illas
466 1716 558 1784 fieri·
584 1713 645 1783 sed
661 1712 755 1804 quod
770 1736 812 1782 σο
833 1736 901 1781 non
914 1737 1003 1805 opus
1019 1724 1101 1787 erat.
1153 1717 1266 1784 Nam·

128 1842 236 1910 quum
255 1820 324 1887 iarn
348 1828 476 1889 certum
499 1826 605 1904 esset,
640 1816 767 1885 debere
786 1817 869 1907 poni
894 1826 1036 1905 statuas,
1071 1820 1148 1887 satis
1174 1828 1246 1889 erat

127 1924 178 1991 ita
207 1923 341 2013 quaeri.
389 1944 484 2016 quas
501 1920 673 2015 ponimus
702 1927 852 1988 statuae
868 1917 1082 2012 fecimusne
1110 1945 1244 1994 aereae

129 2049 181 2094 aa
212 2021 412 2119 lapideas?
451 2025 539 2096 tuda
566 2025 630 2095 alia
658 2023 776 2094 similia
811 2023 907 2115 apud
940 2013 1134 2095 Werferum
1167 2027 1189 2095 l
1219 2028 1243 2100 l

129 2153 169 2223 p
187 2127 273 2198 232.
288 2153 385 2221 seqq.

666 2334 707 2405 V.

212 2488 279 2558 De
304 2485 357 2562 aio
385 2510 480 2559 cum
502 2486 799 2561 coniunctivo
825 2484 1154 2559 deliberativo.
1200 2522 1205 2527 -
1295 2555 1304 2572 ,

235 2643 307 2711 lam
323 2643 393 2712 sive
409 2641 640 2711 deliberationi
660 2643 730 2710 sive
747 2641 969 2710 exhortationi
988 2641 1147 2710 inserviat
1161 2662 1245 2719 con-

131 2745 313 2836 iunctium,
340 2769 456 2814 carere
473 2734 557 2819 euna
570 2746 736 2836 particula
759 2743 805 2816 aiu
819 2746 881 2813 viri
904 2744 995 2812 docti
1016 2744 1245 2812 observarunt

131 2847 235 2936 Vide,
262 2871 346 2944 quos
368 2849 646 2919 commemoravit
665 2847 832 2916 Matthiae
849 2845 962 2918 inGr.
982 2869 1034 2939 gr.
1052 2841 1088 2942 ἕ.
1105 2843 1192 2919 515.
1210 2838 1251 2914 2.

132 2959 202 3021 not
224 2949 260 3024 1.
278 2953 312 3019 in
328 2952 444 3045 primis
460 2952 684 3022 Schaeferum
703 2953 736 3018 in
758 2951 933 3019 Meletem.
950 2973 997 3023 cr.
1017 2973 1052 3043 p.
1069 2949 1129 3018 91.
1149 2974 1244 3041 seqq.

133 3052 206 3122 Sed
221 3076 389 3140 caussam,
416 3055 531 3123 curita
552 3057 609 3141 sit,
632 3077 731 3123 nemo
746 3055 919 3145 explicuit.
971 3053 1107 3122 Dictum
1123 3064 1174 3122 est
1186 3077 1245 3122 su-

131 3179 215 3248 pra,
251 3159 432 3251 particulas
461 3157 507 3231 οἷν
528 3167 563 3250 et
584 3158 643 3230 κέν
669 3157 895 3226 conditionem
920 3156 1119 3247 sigrdticare.
1172 3157 1246 3225 lam

133 3256 421 3348 quemadmodum
440 3260 475 3328 in
497 3262 676 3329 indicativo
693 3262 810 3351 ἔλεγον
830 3258 876 3332 ἄν
895 3258 1038 3328 vidimus
1054 3259 1145 3328 idem
1160 3283 1246 3346 esse,

133 3362 228 3452 quod
242 3364 378 3458 ἔλεγεν,
406 3365 442 3437 εἰ
458 3365 595 3456 ἔλεγον,
621 3365 668 3431 ita
690 3362 810 3431 eadem
824 3362 860 3429 in
877 3363 1016 3430 caeteris
1031 3363 1140 3431 modis
1161 3364 1246 3430 ratio

133 3466 274 3539 obtinet.
327 3467 460 3552 Quodsi
474 3468 530 3535 vel
547 3465 754 3535 deliberandi
771 3466 826 3533 vel
844 3465 1045 3533 adhortandi
1061 3489 1177 3534 caussa
1193 3465 1246 3533 di·
1283 3534 1288 3545 ,

134 3591 249 3654 ceres,
275 3570 433 3664 λέγωμεν
457 3568 520 3657 ἄν,
546 3570 629 3638 nibil
651 3569 687 3636 id
702 3567 794 3636 alind
817 3569 926 3654 foret,
952 3592 1053 3658 quam
1075 3571 1246 3660 λέγωμεν,

133 3673 169 3743 οἰ
180 3673 350 3765 λέγωμεν.
383 3672 471 3741 Vide
484 3694 577 3758 vero,
605 3671 766 3763 quidhoc
780 3673 832 3745 sit.
866 3671 959 3740 Nihil
975 3672 1130 3763 profecto
1144 3670 1245 3757 aliud,

132 3797 236 3863 quam
251 3773 447 3846 debeamus
469 3776 612 3865 dicere,
639 3776 672 3846 σι’
688 3774 902 3860 debeamus,
929 3776 985 3843 vel
999 3775 1152 3861 brevius,
1179 3776 1246 3869 de-

134 3875 240 3946 ὁσσνιι
252 3877 363 3974 sorte
385 3880 519 3952 dicere.
536 3879 539 3884 ’
558 3881 618 3948 ¹At
639 3880 685 3948 ita
706 3902 781 3948 rem
797 3879 971 3947 fortuitam
999 3878 1125 3966 habes,
1158 3902 1247 3971 quae
1367 3908 1378 3922 ι

91 3981 94 3984 ’
132 3981 206 4051 lieri
221 3982 364 4073 debeat,
390 3983 418 4053 si
429 3983 500 4052 fors
516 3983 562 4051 ita
577 3984 683 4072 serat,
709 3983 795 4052 utin
809 3980 994 4050 Homerico
1008 3981 1085 4072 illo,

237 4139 273 4208 εἰ
288 4137 331 4210 dd
342 4163 382 4210 ιιο
395 4131 449 4234 μή
466 4130 622 4227 δώωσιν,
653 4130 722 4230 ἐγοῗ
736 4137 779 4210 δέ
789 4163 850 4210 aar
870 4127 982 4218 adeda
996 4140 1143 4229 ἕλωμαι.

134 4288 181 4358 οι
194 4289 253 4360 uu
267 4289 445 4381 amm,
471 4310 539 4362 non
552 4290 636 4382 qun
652 4290 742 4360 rore
756 4259 942 4377 senaab.
961 4313 991 4363 e.
1009 4288 1091 4382 qun
1108 4286 1246 4374 aenea,
