2918 4890
215 228 280 291 290
515 219 1029 285 usflrrssnous

217 416 317 482 citare
344 412 482 496 nolunt,
519 413 575 480 vel
598 412 802 480 exuberante
832 409 1007 479 hilaritatis
1034 411 1153 502 lepore
1181 419 1327 479 venusta

216 516 418 588 describunt.
470 515 615 583 Praeivit
634 516 669 582 iu
685 514 814 606 magnis
831 514 1024 606 exemplum
1042 513 1221 600 Homerus
1247 515 1326 582 exi-

216 621 299 689 mius
323 619 381 687 ille
406 617 551 686 maxime
583 617 617 684 in
649 616 805 684 ornandis
832 616 912 703 diis,
953 615 1137 706 vidensque
1169 618 1326 709 sagacis-

216 724 314 808 sime,
340 744 423 812 quas
438 721 526 788 ferat
541 719 818 812 amplificationes
834 720 958 811 poesis,
984 742 1136 809 quasque
1152 721 1324 812 repudiet.

212 826 269 894 lle
286 848 328 893 ea
353 847 392 892 re
417 824 491 914 quis
514 824 618 892 nescit
640 845 729 912 quae
749 822 793 890 ab
813 822 989 913 Lessingio
1015 824 1049 889 iu
1065 823 1262 892 Laocoonte
1288 834 1348 895 et.

214 927 371 996 Herdero
392 927 427 994 in
451 925 549 994 Silvis
572 927 693 993 criticis
715 935 792 993 suut
811 924 1005 1017 disputata?
1031 923 1102 993 Sed
1125 936 1239 994 tamen
1262 927 1325 1014 illi,

214 1052 419 1121 quamquam
430 1039 529 1097 acute
540 1030 706 1121 pleraque
719 1029 930 1117 scienterque
939 1027 1071 1118 dixere,
1093 1052 1161 1097 uon
1174 1052 1216 1098 ex
1230 1032 1327 1098 omui

214 1143 311 1227 parte
328 1132 397 1200 hoc
409 1131 563 1200 videntur
574 1131 787 1223 hyperbolae
802 1129 897 1222 apud
912 1131 1101 1199 Homerum
1117 1155 1225 1224 genus
1238 1155 1326 1224 per-

216 1237 372 1328 spexisse.
425 1235 504 1304 Nou
522 1236 642 1327 optimi
654 1233 819 1325 rhapsodi
833 1255 969 1303 carmen
984 1256 1075 1319 esse,
1101 1257 1170 1324 quo
1184 1236 1219 1302 in
1235 1236 1327 1304 libro

55 1348 73 1429 's
181 1428 186 1437 Ι
214 1338 326 1407 lliadis
339 1336 432 1405 xxi.
449 1358 566 1430 pugna
581 1336 722 1406 deorum
738 1345 920 1423 enarratur,
936 1338 1050 1405 monui
1063 1337 1098 1404 in
1112 1333 1330 1429 praefatione

70 1478 72 1489 ι
215 1441 260 1509 ad
283 1440 430 1530 hymnos
459 1439 611 1511 Homeri.
661 1439 716 1507 Eo
736 1440 772 1506 in
793 1438 939 1506 carmine
964 1440 992 1506 si
1012 1438 1107 1506 Mars
1127 1463 1148 1506 a
1167 1439 1328 1510 Minerva

214 1550 399 1635 prostratus
417 1563 448 1608 v.
470 1539 557 1609 407.
584 1534 678 1613 έπτεῖ
703 1541 828 1630 ἐπέσχε
851 1541 1013 1635 πέλεθρα
1031 1534 1171 1620 πεσών,
1198 1552 1249 1610 est
1265 1544 1328 1612 illa

166 1651 296 1719 l4sane
310 1644 430 1734 iugens
446 1641 659 1739 hyperbole,
685 1664 793 1732 quam,
803 1652 907 1734 poeta
924 1643 986 1711 iste
1002 1643 1163 1712 imitando
1181 1667 1327 1736 expres-

215 1748 256 1815 sit
275 1745 399 1829 exilio,
427 1745 521 1836 quod
532 1747 566 1814 iu
580 1742 783 1837 odyss'xa
799 1740 886 1814 576.
903 1744 947 1812 de
960 1744 1065 1838 'Iityo
1081 1747 1326 1839 scriptumest:

632 1913 655 1987 ὁ
680 1911 716 1988 δ’
743 1911 801 1989 ἐπ’
829 1917 932 1990 ἐννέα
957 1921 1056 1988 κεῖτο
1083 1920 1258 2016 πέλεθρα.

215 2087 316 2155 Hunc
344 2087 434 2153 euim
460 2094 494 2152 et
517 2083 641 2152 eodem
670 2086 705 2154 in
730 2086 817 2153 libro
845 2108 876 2155 r.
904 2083 990 2154 3⁰8.
1014 2109 1110 2178 seqq.
1153 2086 1259 2159 Otum
1291 2102 1327 2161 et

215 2182 408 2281 Ephialtem
426 2199 496 2256 tam
515 2188 650 2255 immani
668 2210 852 2280 corpomm
872 2189 963 2256 mole
986 2187 1108 2281 fuisse,
1135 2215 1204 2261 uon
1227 2194 1325 2282 deos,

215 2292 372 2383 perhibet
399 2292 578 2358 Homerus.
632 2290 749 2359 Habet
775 2290 913 2381 quidem
942 2300 1034 2359 tanta
1061 2297 1261 2387 magnitudo
1290 2301 1328 2366 in

216 2395 332 2486 effigie
346 2416 433 2482 quae
453 2392 557 2458 oculis
576 2394 800 2485 conspicitur,
825 2403 863 2462 ut
876 2395 911 2462 in
927 2395 1061 2482 statuis,
1088 2400 1242 2468 eximiam
1256 2403 1327 2469 vim

216 2497 261 2562 ad
285 2497 412 2562 animos
432 2493 651 2562 admiratione
676 2505 711 2564 et
732 2497 918 2565 reverentia
937 2497 1190 2589 percellendos:
1216 2527 1328 2594 ecqua

217 2599 306 2666 eirirn
322 2597 430 2688 aptior
452 2606 486 2663 et
502 2595 700 2666 luculentior
714 2607 765 2667 est
777 2598 954 2667 divinitatis
968 2600 1093 2693 imago,
1120 2628 1221 2693 quam
1237 2630 1328 2696 quae

217 2703 319 2793 longe
339 2699 382 2768 sit
402 2699 494 2766 omui
513 2721 591 2766 cunr
612 2700 787 2771 hominum
805 2701 922 2770 formis
944 2707 1196 2795 comparatione
1219 2733 1328 2802 supe·
1352 2712 1356 2726 '

217 2805 310 2872 rior?
335 2803 376 2870 ln
391 2803 488 2894 poesi
503 2824 604 2889 vero,
630 2804 701 2872 sive
722 2804 770 2872 dii
785 2806 873 2872 inter
896 2827 933 2873 se
951 2806 1013 2873 soli
1026 2808 1153 2899 aliquid
1173 2822 1327 2905 agentes,

219 2907 289 2974 sive
311 2904 486 2981 hominum
512 2907 605 2972 mixti
629 2908 774 2998 negotiis
797 2906 1049 2996 describantur,
1081 2912 1228 2982 absurda
1253 2926 1328 2987 csta
1358 2957 1363 2969 =

218 3031 298 3075 uam
313 3004 370 3076 ant
383 3008 472 3099 perit
487 3008 608 3098 plane,
635 3009 662 3076 si
682 3009 804 3077 eadem
820 3011 969 3078 omnium
984 3017 1162 3106 proportio
1177 3028 1243 3102 est;
1268 3031 1329 3088 aut

218 3112 310 3178 illata
331 3112 367 3178 in
387 3109 562 3177 hominum
586 3109 700 3200 vitam,
729 3120 940 3181 monstruosa
960 3113 1150 3186 diversitate
1173 3144 1328 3214 propor-

105 3286 112 3305 .
219 3213 316 3280 tiords
342 3212 516 3304 perturbat
549 3214 661 3280 omnia
685 3223 719 3283 et
745 3215 962 3306 pessumdat,
994 3227 1153 3313 utsupra
1173 3225 1329 3316 iugalea

219 3316 395 3384 Minervae
412 3324 462 3382 est
478 3313 701 3386 observatum.
735 3318 851 3402 Quare
868 3319 1036 3409 sapienter
1054 3323 1224 3394 Homerus
1241 3327 1327 3396 deos

220 3419 334 3511 paullo
353 3425 482 3485 tautum
495 3415 643 3487 humana
656 3422 770 3513 specie
789 3422 933 3490 maiores
949 3423 1054 3511 fiuxit,
1080 3436 1114 3494 et
1129 3431 1243 3517 quales
1258 3428 1328 3496 ho-

220 3523 346 3591 minum
361 3527 436 3587 sunt
453 3519 511 3608 qui
526 3525 729 3611 proceritate
751 3533 827 3591 aute
846 3525 1028 3616 plerosque
1044 3531 1208 3600 eminent:
1235 3533 1329 3600 anxit

221 3647 302 3692 vero
321 3645 385 3714 per
396 3619 613 3716 hyperbolen
627 3627 713 3694 vires
734 3625 893 3716 deorum,
921 3652 1003 3718 quas
1028 3631 1204 3702 immensas
1228 3637 1328 3729 cogi-

222 3738 293 3795 tare
308 3725 435 3794 animus
451 3725 520 3792 sine
531 3729 749 3817 perversitate
765 3737 886 3818 potest.
910 3731 961 3798 lta
976 3733 1059 3803 illud
1074 3736 1167 3804 Iliad.
1182 3738 1223 3806 V.
1234 3736 1325 3812 859.

555 3898 577 3967 ὃ
604 3894 641 3968 δ’
669 3899 801 3991 ἔβραχε
828 3903 974 3988 χαλκέος
995 3901 1123 4003 Ἀρης,

327 3994 436 4115 ducor
463 3994 500 4124 a:
528 3991 904 4126 έναεαὲχιλοιηέπίαχον
931 4031 952 4126 ρ
980 4001 1162 4097 δεκάχιλοι

327 4099 448 4199 ardore
474 4125 512 4172 ar
536 4105 705 4196 παλαια,
733 4105 835 4196 εριδα
862 4113 1072 4202 ξαεαγαατες
1097 4109 1230 4210 ἄρηος.’
1279 4123 1317 4173 'N
