2918 4890
555 287 685 351 LIB.1.
728 286 826 348 CdP.
850 291 880 352 i·
1234 295 1278 357 25

169 474 217 549 ἄν
231 476 398 572 ἔγραψεν.
424 477 619 549 Andocides
630 480 675 549 de
690 489 827 572 myster.
836 504 871 572 p
883 477 942 549 id.
968 479 1084 550 Reisk.
1105 483 1165 552 ubi
1179 483 1276 553 Bek-

153 579 321 675 ¹laerusp.
337 579 422 652 146
436 584 636 706 particulam
651 587 742 653 uncis
754 585 901 652 inclusit.
924 579 969 655 οὐ
985 577 1055 680 ιοῖρ
1073 584 1277 668 daverdeus

168 677 318 755 πώποτε
327 681 428 775 ὑμῶν
439 681 580 783 παριαίν
589 715 656 782 την
667 682 860 808 οικίαντην
862 685 1051 813 ἡμετέραν
1065 683 1277 816 ἀνεμνήσθη

169 813 192 881 η
179 784 283 857 edio
301 812 340 857 τι
355 814 377 882 η
402 788 558 911 δημοσίᾳ
574 785 684 862 κακον
699 783 831 864 παθων
849 785 913 862 ιίπ
929 787 1092 878 ἐκείνων,
1119 798 1155 863 οὶ
1152 791 1276 865 πλεί·

170 915 259 968 στας
268 894 337 980 μὲν
346 885 659 1012 στρατηγήσαντες
675 890 892 1021 στρατηγίας
905 885 1021 964 πολλα
1030 886 1193 990 τρόπαια
1202 893 1276 967 τοῖν

170 989 352 1082 πολεμίων
366 992 426 1063 καί
439 987 535 1065 nurci
547 1021 614 1090 ιην
629 995 688 1067 καί
702 1023 797 1067 κατα
789 988 1048 1068 θοίλατταν
1025 1001 1113 1087 υμῖν
1127 993 1278 1071 α’πίδετ-

170 1101 247 1178 ξαν,
273 1092 441 1174 πλείστας
455 1095 493 1168 δὲ
506 1094 655 1178 ἄλλοις
631 1125 744 1192 αρχας
757 1095 934 1218 ἄρξαντες
942 1095 1001 1168 καί
1012 1092 1182 1192 χρήματα
1197 1103 1277 1173 δια·
1360 1112 1362 1117 ’

169 1194 393 1287 χωρίσαντες
413 1224 461 1270 τα
488 1195 649 1294 αμίτερα
676 1197 828 1272 οὐδὲν
803 1226 849 1270 αν
878 1191 1025 1271 ποίποτε
1053 1195 1185 1292 σι’φλον
1235 1202 1278 1270 ld

170 1320 233 1366 nos
246 1297 454 1388 diceremus,
480 1302 542 1370 die
556 1302 659 1372 nicht
673 1312 770 1372 etwo
783 1301 961 1394 schuldig
974 1301 1136 1371 socrdem
1240 1308 1246 1318 '

270 1449 415 1520 Rariora
435 1463 511 1521 sunt
538 1456 713 1545 exempla,
738 1454 910 1542 inquibus
926 1476 1042 1542 neque
1062 1455 1278 1546 intempore,

168 1573 282 1641 neque
294 1553 329 1619 in
336 1557 499 1644 personis,
515 1557 621 1625 sedin
636 1559 715 1649 ipso
728 1557 819 1624 facto
833 1555 960 1647 aliquid
973 1556 1098 1625 fortuiti
1112 1565 1174 1630 est.
1200 1558 1279 1626 Ho-

169 1676 282 1724 merus
297 1653 366 1728 Od
383 1659 414 1730 d.
431 1655 518 1726 546.

276 1803 381 1904 ῆιιίρ
396 1835 463 1902 μιν
479 1805 569 1898 ζοίόν
582 1839 623 1904 γε
634 1837 824 1933 νιχησεαι,
845 1839 867 1908 η
882 1837 943 1884 κεν
954 1806 1125 1931 Ὀρέστης

274 1916 411 1985 κτεῖνεν
450 1909 740 2010 ὑποφθάμενος,
779 1909 824 1987 od
853 1917 896 1988 δι’
924 1941 984 1987 κεν
1017 1906 1140 2008 τοίφοο
1168 1910 1286 1990 α’ντι-·

795 2009 977 2114 βολὴσαις.

170 2167 244 2236 Nos
261 2168 467 2257 diceremus,
494 2170 587 2240 oder
607 2193 647 2240 es
659 2170 727 2240 hot
740 2171 803 2238 ν’ίια
815 2177 912 2239 etwo
928 2166 1080 2237 Orestes
1096 2156 1278 2260 geto‘dtet.

167 2270 283 2339 Nemo
304 2272 593 2364 reprehenderet,
620 2276 647 2342 si
661 2276 708 2342 ibi
730 2273 754 2368 ἢ
780 2272 838 2345 καί
854 2274 1035 2364 legeretur.
1087 2270 1160 2340 Sed
1179 2273 1278 2364 agui-

171 2381 244 2442 tum
256 2375 316 2448 μὲν
333 2377 433 2443 etiam
453 2378 497 2444 ab
515 2378 657 2467 antiquis
672 2376 919 2470 interpretibus.

275 2526 374 2612 Quae
391 2527 552 2600 hactenus
565 2531 751 2620 attulimus,
776 2531 824 2598 ita
837 2536 931 2598 erant
944 2534 1156 2620 comparata,
1181 2532 1219 2593 ut
1233 2524 1279 2598 σίν

170 2631 334 2722 particula
352 2653 417 2723 per
437 2657 474 2701 se
500 2633 647 2703 τοίαισί
673 2643 761 2702 esset
780 2640 969 2701 constructa
993 2653 1070 2698 cum
1098 2629 1278 2696 indicativo

170 2735 359 2825 praeteriti,
387 2736 441 2802 vei
462 2746 580 2829 posset
600 2759 677 2805 cum
698 2760 740 2805 eo
762 2741 953 2804 constructa
967 2733 1154 2801 existimari.
1205 2730 1278 2800 Sed

143 2903 152 2916 ,
171 2846 223 2904 est
245 2836 336 2904 aliud
353 2860 462 2928 genus
489 2839 669 2928 loquendi,
692 2840 812 2928 inquo
833 2861 874 2906 ea
886 2836 1052 2928 particula
1067 2857 1133 2902 non
1150 2843 1201 2901 est
1214 2856 1278 2925 per

168 2962 208 3007 se
231 2948 420 3007 constructa
437 2963 514 3008 cum
531 2942 656 3029 verbo,
682 2941 743 3010 sed
756 2941 903 3033 pertinet
917 2939 963 3006 ad
975 2960 1095 3006 vocem
1110 2936 1277 3004 conditio·

168 3042 220 3110 nis
238 3043 499 3135 significantem,
523 3045 639 3135 quales
657 3053 732 3115 sunt
748 3048 794 3125 εἰ,
821 3043 859 3125 ὃς
873 3043 1035 3132 aliaeque.
1062 3039 1130 3110 od.
1145 3048 1171 3127 ζ.
1189 3037 1275 3108 282.

272 3197 463 3372 βηλλτερον,
489 3191 573 3269 eis
590 3190 686 3294 αὕτη
703 3223 772 3296 περ
786 3195 1005 3292 ἐποιχομένη
1020 3186 1129 3268 πόσιν
1146 3187 1250 3292 εὗρεν

136 3332 147 3347 ··
275 3326 299 3370 α
343 3306 433 3372 σθεν

169 3451 298 3520 metius
319 3459 391 3536 est,
418 3473 450 3520 οι
442 3450 573 3545 sorte
591 3452 675 3547 ipso
691 3450 760 3521 sibi
775 3450 951 3522 moritum
966 3447 1151 3544 quaesivit.
1204 3445 1277 3515 Nos

163 3555 226 3624 irio
242 3575 380 3644 quoque
399 3563 503 3623 etroa.
539 3558 628 3624 Nam
646 3557 808 3624 sententia
822 3554 1064 3639 conditionalis,
1089 3552 1149 3619 ubi
1162 3551 1278 3617 incerti

170 3657 325 3746 quidest
347 3658 382 3724 in
407 3658 615 3746 conditione,
653 3659 752 3726 facile
774 3659 918 3727 admittit
944 3659 1040 3727 istam
1068 3653 1276 3746 particulam.

169 3762 288 3849 ltaque
316 3759 469 3827 videntur
492 3760 528 3828 id
550 3764 650 3830 etiam
671 3763 850 3831 Dorienses
877 3784 950 3830 esse
972 3759 1098 3828 imitati.
1126 3756 1277 3826 Incertus

168 3863 408 3955 Pythagoreus
437 3864 531 3954 apud
552 3865 687 3933 Galium
718 3889 753 3956 p.
783 3863 868 3936 722.
896 3860 1044 3948 αὐτίκα,
1071 3864 1277 3982 κατηγορεῖς

171 3967 394 4091 ἱεροσυλίαν
392 3960 467 4049 rori,
484 3964 560 4037 oin
576 3969 716 4059 ἐγένετο
732 3964 895 4095 τῶριον,
901 3959 1041 4088 οίλαθης
1060 3956 1205 4083 ὀλίγος·
1232 3961 1278 4028 Ei

170 4070 218 4139 αἵ
224 4092 274 4137 απ
288 4068 494 4161 srgmficante
508 4094 543 4160 p
562 4068 681 4145 72θῦ
664 4069 740 4144 επεὶ
757 4073 801 4140 αὶ
809 4097 864 4149 τις
878 4059 1056 4166 ἐρωτησαο
1072 4060 1140 4143 soie
1158 4064 1277 4155 λέγον-

170 4198 235 4252 τας
251 4171 296 4252 οἱς
311 4166 357 4243 τό
371 4165 465 4243 αὐτο
486 4172 582 4244 ἐστίν
597 4171 723 4246 ἄδικον
739 4199 798 4243 και
791 4172 974 4258 δίκαιον,
995 4173 1079 4242 αίκα
1097 4161 1140 4260 δή
1160 4194 1198 4235 τι
1219 4164 1278 4236 di-

170 4300 276 4348 καιον
292 4273 374 4371 περὶ
391 4301 459 4356 τως
473 4277 599 4368 γονίας
615 4278 773 4373 ἔπραξαν
782 4328 796 4367 ,
823 4274 1065 4370 ομσλοιοῦντι
1083 4296 1140 4343 κατ
1134 4265 1279 4340 οίδινον
1410 4315 1418 4337 .-
