2918 4890
193 289 257 355 188
550 285 607 347 DE
635 286 907 348 PARTlCVLA
929 283 972 350 ίίν

191 476 261 544 sive
273 475 444 544 omittatur
457 473 513 549 σίν.
564 477 687 568 Longe
701 499 783 546 vero
801 477 883 546 alius
902 477 1037 569 generis
1058 486 1133 546 aunt
1150 478 1218 548 duo
1238 480 1304 549 loci

190 579 225 646 in
242 579 425 672 Sophoclis
444 576 533 648 Oed.
552 578 716 649 Coloneo.
768 580 819 650 lbi
836 604 867 649 v.
886 579 970 652 188.
988 581 1129 673 legitur:

355 731 421 825 ἄγε
434 733 500 806 νῦν
517 727 561 805 σύ
574 760 640 827 με,
666 739 753 822 παῖ,

356 832 407 908 ἵν’
425 835 471 910 ἂν
494 832 657 928 εὐσεβίας
673 834 924 930 ἐπιβαίνοντες

353 932 400 1012 τί
419 940 487 1032 μὲν
507 941 684 1032 εἴπωμεν,
706 933 753 1012 cd
769 935 806 1012 δ’
825 933 1057 1034 ἀκούσαμεν,

396 1043 456 1114 καί
470 1036 524 1140 μή
538 1041 642 1139 χρείᾳ
657 1041 883 1135 πολεμῶμεν.

187 1195 227 1264 ln
245 1203 420 1289 postremo
437 1196 543 1264 verbo
566 1196 776 1264 consentiunt
792 1196 886 1282 libri,
913 1218 978 1287 pro
994 1195 1163 1286 prioribus
1187 1206 1300 1265 autem

188 1300 404 1368 coniunctivis
420 1308 455 1368 et
469 1299 618 1367 Triclinii
632 1299 800 1385 recensio,
827 1309 861 1367 et
880 1300 982 1390 pauci
998 1321 1041 1367 ex
1056 1300 1297 1390 antiquioribus

187 1402 289 1481 codd.
311 1404 482 1495 optativos
505 1403 691 1495 praebent,
718 1403 942 1494 probantibus
963 1403 1173 1471 Doederlino
1197 1414 1299 1494 atque

134 1597 137 1601 ,
185 1505 359 1578 Elmsleio.
395 1506 433 1573 Si
448 1514 540 1573 recte
557 1529 593 1573 se
608 1504 713 1572 habet
725 1504 784 1595 ἄν,
806 1506 994 1597 reponendi
1011 1531 1090 1574 sane
1104 1516 1180 1575 sunt
1197 1518 1298 1598 opta-

185 1609 244 1676 tivi
272 1611 438 1702 εἴποιμεν
461 1616 495 1678 et
517 1598 759 1696 ἀκούσαιμεν,
794 1616 853 1680 ἵνα
878 1618 990 1676 autem
1011 1610 1298 1701 interpretandum

185 1709 266 1781 nbi:
294 1712 367 1781 dee
389 1735 447 1780 me
465 1733 525 1798 eo,
559 1708 620 1779 nbi
642 1710 748 1779 aliud
770 1711 893 1778 dicere
909 1712 990 1802 pie,
1025 1713 1131 1782 aliud
1165 1714 1298 1782 andire

178 1813 375 1908 possimus.
429 1814 567 1884 sedita
589 1834 656 1880 non
681 1821 762 1904 apte
790 1813 1012 1905 subiungetur
1037 1816 1096 1887 καί
1120 1809 1175 1908 μή
1194 1816 1297 1911 χρείᾳ

183 1917 417 2009 πολεμῶμεν,
444 1916 538 2007 quod
553 1915 694 1984 deberet
711 1910 966 2013 πολεμήσομεν
982 1916 1057 1984 dici.
1108 1918 1167 1984 Ad
1180 1918 1215 1985 id
1228 1943 1296 1987 non

183 2020 327 2088 attendit
343 2020 369 2087 l.
389 2020 518 2089 Bakius
537 2042 642 2109 quum
663 2019 697 2086 in
719 2019 801 2092 bibl.
821 2020 893 2086 crit.
912 2042 1000 2088 nova
1016 2019 1082 2088 vol.
1098 2019 1124 2090 l.
1139 2044 1175 2111 p.
1193 2020 1253 2090 16.
1270 2047 1294 2090 s.

182 2121 267 2193 mihi
281 2121 327 2196 riv
344 2124 377 2192 in
392 2119 462 2218 οἶμ’
482 2123 634 2212 mutanti,
657 2131 692 2190 et
707 2124 813 2192 tuenti
826 2122 1052 2191 coniunctivos
1067 2145 1108 2191 ea
1121 2126 1295 2215 opposuit,

182 2250 290 2318 quae,
317 2228 345 2296 si
355 2227 400 2324 ‚id
414 2226 513 2296 huius
532 2228 600 2295 loci
616 2235 722 2314 esset,
749 2227 849 2294 facile
865 2250 968 2316 quarn
980 2250 1103 2318 parurn
1117 2227 1216 2295 firma
1232 2230 1296 2296 sint

181 2353 319 2500 possepn
352 2330 541 2401 ostendere.
594 2330 671 2399 Alia
697 2339 747 2399 est
769 2329 904 2400 alterius
933 2331 1000 2400 loci
1025 2332 1129 2422 ratio,
1164 2333 1222 2422 qui
1245 2342 1295 2402 est

179 2456 211 2503 v.
224 2433 311 2503 40.
426 2470 435 2485 ·

282 2580 420 2660 τούτου
435 2579 543 2683 χοίριν
559 2581 685 2658 τοίνυν
703 2608 743 2655 σε
760 2583 988 2676 προςθίσθαι
1001 2587 1109 2667 πέλας

285 2685 401 2789 χώρας
417 2691 590 2767 θέλουσι,
617 2681 707 2785 μηδ’
722 2682 771 2760 ἵν’
793 2684 839 2761 ἂν
852 2686 991 2760 σαυτοῦ
1003 2688 1144 2786 κρατῇς.

181 2845 231 2914 lta
244 2845 320 2913 libri
336 2867 463 2918 omnes.
517 2841 740 2928 scholiastes:
766 2839 858 2936 μηδὲ
878 2839 942 2914 εὀἷν
957 2866 997 2914 σε
1012 2838 1105 2914 ὅπου
1120 2840 1165 2916 νίν
1184 2869 1292 2915 σεαυ-

181 2947 252 3021 τοῦ
282 2941 481 3038 ἑξουσιοίση.
513 2945 627 3018 λείπει
657 2937 704 3016 ro*
728 2944 792 3018 ἐοῖν
813 2941 924 3040 ρ’ἤμα.
952 2939 1072 3040 ἤυίπό
1099 2946 1225 3019 κοινοῦ
1245 2939 1292 3019 vd

180 3051 422 3146 προςθίσθαι.
475 3050 514 3120 Si
531 3047 759 3144 προςθίσθαι
776 3047 1011 3137 repetendum,
1038 3049 1173 3117 omnino
1190 3050 1290 3118 scribi

179 3153 338 3242 debebit,
372 3153 467 3244 quod
488 3151 650 3220 Elmsleio
674 3149 813 3239 aliisque
838 3150 974 3240 placet,
1010 3148 1062 3224 ἵν’
1083 3151 1129 3225 νίν
1152 3155 1291 3225 σαυτοῦ

178 3262 334 3352 κρατοΐς.
386 3258 477 3324 Nam
494 3255 723 3350 inpertiebatur
741 3254 892 3323 futurum
912 3263 1048 3345 tempus
1070 3257 1226 3345 requirit,
1253 3265 1290 3323 ut

179 3369 237 3428 aut
255 3366 314 3432 ἵνα
334 3355 521 3457 κρατήσεις
537 3356 719 3424 dicendum
739 3357 798 3444 sit,
825 3366 883 3424 aut
902 3364 962 3430 ἵνα
981 3365 1128 3452 κρατσῖς
1142 3356 1198 3430 ἄν.
1251 3360 1289 3428 si

179 3486 261 3532 vero
290 3463 353 3536 ἐυῖν
368 3472 418 3532 est
439 3461 710 3553 intelligendum,
736 3469 775 3529 ut
795 3483 898 3552 saepe
920 3463 1026 3530 verba
1048 3463 1213 3530 contraria
1238 3461 1289 3547 iis,

178 3589 267 3658 quae
282 3576 360 3635 ante
377 3567 489 3658 posita
505 3573 616 3651 erant,
642 3565 795 3655 suppleri
817 3564 959 3654 debent,
986 3566 1030 3634 de
1052 3589 1119 3654 qua
1139 3588 1177 3632 re
1197 3589 1228 3633 v.
1250 3574 1289 3632 ut

179 3670 224 3739 de
235 3671 348 3739 multis
361 3693 467 3739 unum
481 3669 661 3753 nominem,
676 3667 931 3737 Erfurdtiumin
941 3670 994 3737 ed.
1002 3670 1082 3736 min.
1093 3666 1181 3736 Oed.
1191 3669 1234 3738 R.
1243 3669 1287 3735 ad

177 3794 209 3842 v.
233 3771 319 3841 242.
343 3783 435 3843 recte
454 3796 490 3843 se
507 3771 649 3840 habebit
669 3765 722 3843 ἵν’
748 3768 794 3843 σίν
818 3772 967 3869 κρατῇς,
1001 3773 1080 3862 qnia
1100 3779 1172 3839 turn
1191 3772 1285 3840 locus

178 3885 229 3946 est
244 3877 358 3946 futuro
373 3885 508 3947 exacto:
533 3898 606 3944 non
621 3882 744 3943 antem
757 3873 879 3945 sinere
891 3876 1012 3947 vivere
1028 3873 1155 3970 quidue
1176 3875 1214 3944 in
1230 3877 1285 3944 lo-

178 3981 231 4052 cis
248 3988 283 4051 te
298 3982 351 4053 tui
364 3981 457 4052 iuria
471 4002 552 4052 esse
564 3977 816 4077 intellexerint.

635 4254 843 4266 -n—-n—-u
