2918 4890
168 318 212 384 ιο
511 310 569 374 un
600 274 874 374 eunrrcv'au
897 304 943 374 tv

172 505 443 592 constructiones,
469 525 510 573 eo
526 504 575 572 uti
587 509 798 596 argumento,
825 496 920 591 quod
936 501 1132 573 Herodotus
1146 503 1172 572 l.
1188 501 1275 575 196.

168 613 236 681 ubi·
245 611 376 701 saepius
392 630 469 676 cum
482 607 663 699 praeterito
673 604 718 678 ἄν
730 607 765 672 in
777 628 815 673 re
828 606 918 672 facta
932 607 1115 688 coniunxit,
1142 630 1278 676 omnem

173 716 265 783 illam
281 713 504 781 narrationem
526 732 596 778 non
610 719 650 776 ut
671 717 820 795 caetera,
846 732 933 798 quae
950 707 994 776 de
1010 709 1278 800 Babyloniorum

172 817 324 886 institutis
353 815 474 900 refert,
513 813 680 904 praesenti
710 820 865 902 tempore
895 813 1092 932 complexus
1117 814 1175 899 sit,
1213 814 1278 883 sed

172 943 269 1010 quasi
257 919 330 986 de
349 915 508 985 industria
525 913 749 983 transtulerit
740 937 774 980 rn
790 915 1024 1005 praeteritum,
1050 916 1099 983 sic
1121 937 1277 984 exorsus:

171 1015 282 1114 νόμον
306 1019 345 1091 dd
370 1015 515 1092 adraim
540 1015 608 1090 uida
628 1017 886 1089 νατεστέαται
927 1015 949 1089 o‘
973 1017 1041 1108 μὲν
1064 1011 1278 1110 σοφώτατος

84 1158 86 1162 “
173 1123 249 1213 tos,
275 1115 370 1194 uacci
387 1115 531 1216 γνώμην
545 1147 613 1216 την
630 1116 843 1238 ἡμετέρην,
840 1146 891 1190 τω
902 1119 962 1190 ναι
977 1116 1161 1248 Ιλλνριῶν
1174 1115 1278 1194 Eos·

172 1221 256 1307 roric
277 1218 514 1315 πυνθάνομαι
537 1221 714 1318 χρῆσθαι·
748 1213 843 1293 uacui
864 1215 984 1311 κώμας
1005 1215 1157 1302 ἑκάστας
1180 1220 1277 1304 ἅπαξ

171 1329 240 1403 τοῦ
254 1330 351 1408 ἑτεος
367 1318 520 1399 ἑκάστου
538 1326 702 1398 ἐποιέετο
721 1316 820 1399 τάδε.
862 1324 935 1393 Sed
955 1324 999 1392 de
1015 1325 1067 1394 his
1093 1347 1181 1394 nunc
1198 1327 1275 1415 qui-

170 1433 250 1501 dem
265 1431 355 1500 satis.

678 1615 755 1686 vn.

173 1753 240 1840 De
262 1766 314 1843 rio
336 1775 378 1839 et
402 1767 478 1842 νὲν
504 1779 600 1839 cum
619 1766 879 1838 indicativo
896 1766 1276 1862 praeteritorum

517 1884 523 1900 '
574 1887 867 1982 iurcsoctu.
907 1932 909 1937 ,

275 2041 382 2133 igitur
396 2063 501 2130 quum
522 2041 649 2132 duplex
673 2043 714 2110 sit
736 2065 814 2110 usus
832 2040 1072 2132 particularum
1095 2039 1275 2115 civetatis

172 2163 253 2214 oum
272 2144 451 2212 indicativo
473 2155 756 2232 constructarum,
792 2145 878 2212 alter
899 2145 933 2210 in
953 2168 991 2212 re
1012 2146 1104 2212 facta
1133 2153 1276 2236 propter

170 2249 343 2340 impletam
362 2247 601 2334 conditionem,
627 2250 711 2316 alter
723 2249 759 2314 in
781 2271 819 2315 re
838 2269 906 2314 non
926 2246 1017 2314 facta
1032 2257 1174 2338 propter
1190 2270 1275 2314 con-

170 2351 331 2420 ditionem
346 2373 412 2417 non
425 2350 615 2440 impletam:
640 2351 708 2417 iam
723 2349 768 2417 de
781 2359 926 2440 utroque
941 2351 1191 2443 explicabimus,
1215 2350 1275 2417 ini-
1335 2351 1337 2354 ’

171 2455 217 2522 tio
233 2453 324 2520 facto
338 2475 359 2518 a
374 2452 498 2541 priore.

274 2552 379 2637 Quod
394 2577 414 2618 a
429 2551 629 2642 quibusdam
645 2554 802 2621 traditum
817 2563 885 2639 est,
909 2554 1089 2646 particulas
1107 2553 1153 2627 ἄν
1167 2561 1200 2621 et
1215 2552 1275 2625 νὲν

172 2679 249 2725 cum
260 2656 447 2747 praeteritis
463 2656 497 2724 iu
513 2680 550 2724 re
566 2657 656 2724 facta
672 2667 876 2725 constructas
893 2658 939 2724 ita
950 2657 1115 2747 usurpari,
1141 2667 1177 2723 ut
1193 2656 1276 2745 quid

170 2783 238 2828 non
261 2758 382 2850 semel,
408 2759 470 2833 sed
491 2759 612 2829 iterum
634 2761 822 2848 iterumque
840 2760 966 2827 factum
988 2760 1150 2843 indicent,
1175 2759 1209 2825 in
1232 2781 1275 2825 eo

116 2882 119 2887 “
171 2871 224 2931 est
239 2886 318 2930 sane
341 2861 466 2950 aliquid
485 2864 565 2951 veri,
592 2864 654 2931 sed
674 2865 784 2934 multo,
800 2872 913 2930 tamen
930 2863 1025 2929 latius
1040 2871 1136 2953 patet
1153 2861 1276 2929 harum

171 2987 251 3033 usus
276 2965 524 3055 particularum.
577 2966 693 3050 Quum
715 2967 804 3034 enim
830 2987 971 3056 pereas
994 2965 1193 3056 particulae,
1233 2973 1271 3031 ut

172 3088 274 3158 supra
288 3067 492 3135 ostendimus
507 3069 652 3136 conditio
667 3070 778 3158 aliqua
793 3069 1015 3159 significetur,
1042 3091 1144 3156 quam
1163 3068 1275 3156 ipsum

171 3169 299 3236 factum
312 3170 484 3260 impletam
494 3194 566 3239 osse
577 3181 756 3240 monstretz
779 3154 986 3259 consequens
1003 3180 1064 3256 est,
1083 3169 1275 3236 huiusmodi

171 3271 385 3359 locutionem,
407 3273 523 3364 ἔλεγεν
541 3272 598 3362 ἄν,
623 3275 749 3363 ubique
766 3275 811 3346 itu
828 3274 968 3365 exprimi
977 3294 1090 3364 posse,
1117 3269 1275 3360 dicebat,

172 3373 205 3442 oi
220 3372 377 3443 dicebat.
409 3377 497 3442 Nam
510 3373 616 3445 verbo
631 3378 749 3468 ἔλεγεν
762 3370 966 3444 affirmamus
982 3375 1103 3443 dixisse
1117 3375 1274 3464 aliquem,

24 3560 28 3573 1
129 3495 132 3501 ’
169 3478 354 3568 particulae
370 3486 481 3545 autern
503 3479 687 3548 adiectione
699 3480 899 3563 indicamus,
926 3478 1009 3545 illud
1025 3478 1137 3546 dicere
1153 3500 1195 3545 ex
1211 3479 1277 3544 ali-

171 3601 239 3668 qua
253 3602 291 3648 re
310 3580 445 3647 fortuita
464 3583 678 3673 pependisse,
703 3592 878 3671 totumque
893 3583 1020 3650 factum
1033 3581 1134 3648 fuisse
1153 3580 1275 3647 fortui-

170 3691 252 3754 tum.
279 3682 341 3749 llla
354 3683 490 3750 fortuita
507 3694 619 3752 autem
633 3686 724 3753 varia
738 3695 832 3769 sunt,
858 3694 906 3769 ut,
933 3682 1098 3769 dicebat,
1124 3683 1157 3752 ei
1172 3683 1274 3750 dice—

167 3781 238 3852 ‚tut
252 3783 333 3866 ltic,·
357 3785 391 3855 si
403 3785 502 3870 hoc3
525 3788 559 3885 si
574 3787 677 3873 Ιιιιὶος
702 3789 735 3858 at
747 3789 818 3857 hoc
834 3796 1015 3880 tempore3
1040 3787 1073 3855 oi
1086 3785 1155 3855 hoc
1172 3786 1275 3866 loco,-

170 3885 204 3956 σι’
215 3885 283 3954 hoc
296 3889 415 3957 modo.

271 3989 324 4056 Ac
346 3991 629 4080 frequentissimus
653 4001 704 4061 est
723 3991 822 4061 huius
847 3991 1021 4060 locutionis
1045 4013 1141 4076 usus,
1169 4010 1275 4077 quum

171 4086 216 4156 de
230 4089 383 4180 pluribus
398 4095 493 4162 factis
509 4097 646 4186 aliquod
659 4098 705 4163 ita
720 4104 1017 4180 commemoratur,
1042 4103 1080 4162 ut
1099 4091 1274 4183 quodlibet

169 4193 274 4282 possit
295 4194 442 4286 intelligi.
493 4198 532 4265 ln
560 4223 628 4288 quo
652 4199 746 4288 quod
771 4199 945 4266 fortuitum
968 4207 1035 4283 est,
1068 4197 1140 4263 fere
1163 4195 1217 4262 vel
1240 4195 1274 4261 in

169 4302 333 4388 tempore,
358 4299 413 4367 vel
426 4298 460 4367 in
472 4323 629 4390 persona,
653 4302 753 4372 velin
766 4325 804 4371 re
819 4301 977 4394 quapiam
990 4299 1177 4368 accessoria
1192 4320 1272 4365 ver·
