2918 4890
186 285 253 350 88⁰
460 280 512 346 lili
532 277 718 344 timavus
731 279 953 360 vrulvsovu
971 278 1019 347 tv.

175 432 244 543 ¹Sic
259 469 313 541 ed.
326 470 480 542 Loscaris
495 494 573 542 cum
593 494 716 542 novem
732 472 834 547 codd.
856 480 891 542 et
904 474 1069 567 scriptore
1085 471 1218 544 Christi
1235 497 1307 569 pa-

184 576 293 645 tientis
314 597 346 644 v.
366 573 478 644 loca.
529 574 646 645 Metro
671 577 861 647 consultum
880 576 1005 652 Aldina
1033 577 1120 649 duce
1140 601 1210 673 per
1235 575 1307 655 οὐκ

71 738 76 751 .
184 675 230 752 ἄν
255 673 293 774 ρ’
313 672 505 777 ἁμάρτοις.

286 815 360 888 vlt
396 815 536 910 (Vlll.)
561 815 601 886 ln
618 815 812 888 Troadibus
833 838 864 886 v.
882 812 967 885 4⁰8.

336 962 433 1068 εἰμῆ
457 964 695 1046 σ”Αττόλλωτ
715 964 966 1065 essedonas&
982 967 1133 1066 φρένας,

296 1113 298 1116 ’
337 1086 403 1164 oris
417 1089 464 1164 ἄν
479 1086 614 1184 ἀμισθὶ
631 1085 716 1172 τούς
736 1084 846 1184 ἑμοςῖς
861 1081 1110 1187 στρατηλάτας

334 1212 492 1293 aetatula
507 1204 645 1308 φήμαις
664 1211 854 1304 ἐξέπεμπες
869 1208 915 1285 ἄν
932 1203 1079 1303 χθονός.

180 1365 250 1493 ⁸¹5-
263 1363 365 1437 codd.
386 1362 462 1435 vat
489 1360 578 1438 909.
610 1363 703 1434 Flcr.
728 1363 838 1436 flava
902 1363 1018 1493 Vulgo
1049 1384 1131 1434 cum
1161 1363 1308 1438 Aldina

180 1495 322 1546 concor.

279 1605 371 1678 vm.
404 1605 507 1701 (ιν.)
540 1552 734 1700 sophan
747 1605 1010 1702 nmegomv.
1026 1601 1116 1680 rso.

229 1749 316 1822 KP.
370 1738 401 1817 oi
413 1736 551 1841 μιαρότ
565 1739 658 1839 ἦθος
673 1742 734 1818 καὶ
746 1738 913 1841 ρυταικός
929 1741 1094 1842 ὕστερον.

227 1863 345 1942 ΑΙΜ.
365 1859 430 1938 οὐκ
445 1862 491 1938 ἄν
506 1867 599 1946 ἕλοις
613 1861 708 1962 ἥσσω
724 1891 765 1960 ys
778 1863 851 1939 cciv
868 1863 1027 1963 αἰσχρῶν
1039 1863 1115 1959 ἐμέ.

174 2017 235 2090 Sic
258 2018 350 2111 Aug.
368 2017 403 2089 b.
431 2025 465 2086 et
486 2019 634 2109 quinque
660 2017 761 2087 codd.
786 2017 954 2104 Elmsleii‚
986 2018 1049 2087 nisi
1073 2005 1172 2108 quod
1201 2037 1297 2102 unus

172 2121 297 2195 horum
311 2126 389 2217 ἔλης
401 2120 517 2190 habet.
568 2121 683 2215 Vulgo
702 2144 745 2190 ex
757 2121 881 2192 Aldina
897 2117 962 2194 οὐκ
980 2118 1026 2195 ἄν
1044 2116 1081 2215 γ’
1095 2123 1208 2202 ἕλοις.

273 2226 354 2294 Nou
385 2224 472 2293 illud
503 2224 661 2317 profecto
696 2224 741 2293 de
773 2223 877 2293 nihilo
916 2231 986 2313 est,
1021 2223 1123 2314 'quod
1157 2223 1199 2292 in
1233 2221 1297 2293 his

172 2323 321 2420 quinque
345 2328 403 2398 vel
428 2350 487 2397 sex
512 2329 678 2421 exemplis
701 2328 819 2420 optimi
845 2336 879 2396 et
904 2327 1073 2404 veterrimi
1096 2325 1179 2395 libri
1206 2349 1298 2396 eam

109 2470 112 2477 ·
171 2433 372 2525 scripturam
405 2433 592 2522 praebent,
633 2454 701 2523 qua
738 2440 883 2500 metrum
914 2431 1056 2505 vitiatur.
1086 2482 1090 2491 .
1119 2427 1180 2498 Ex
1212 2453 1296 2521 quo

170 2557 377 2626 quamquam
413 2535 520 2604 facilis
561 2543 611 2604 est
656 2535 864 2623 coniectura,
899 2534 928 2604 si
961 2537 997 2604 in
1034 2532 1296 2604 recentioribus

42 2695 49 2705 .
168 2640 226 2708 vel
250 2638 358 2706 minus
383 2637 480 2706 bonis
504 2638 596 2706 libris
634 2635 764 2712 οὔκουν
788 2639 844 2706 vel
870 2633 936 2710 οὐκ
962 2635 1009 2712 ἄν
1033 2633 1070 2732 y'
1094 2637 1295 2729 iuvenitur,

167 2741 205 2809 id
236 2742 453 2810 metricorum
486 2742 604 2811 deberi
634 2740 833 2828 industriae,
867 2749 982 2809 tamen
1014 2763 1083 2810 non
1111 2741 1295 2830 sequitur,

94 2870 96 2874 ·
167 2845 262 2936 quod
283 2845 399 2913 vitium
424 2846 471 2913 illi
496 2869 533 2914 se
561 2844 742 2914 emendare
768 2843 1002 2929 crediderunt,
1026 2866 1095 2912 non
1120 2865 1200 2912 esse
1229 2846 1295 2914 vi-

165 2949 266 3018 tium:
291 2949 416 3035 immo,
443 2971 548 3038 quum
572 2971 641 3017 nou
667 2948 709 3016 sit
734 2947 915 3035 credibile,
940 2947 1163 3041 particulam,
1188 2970 1294 3037 quae

124 3120 125 3123 ,
165 3051 260 3145 apud
301 3053 408 3120 omnis
447 3053 580 3144 generis
618 3060 738 3144 poetas
775 3051 908 3119 infinitis
946 3051 1029 3119 locis
1062 3049 1291 3142 corripiatur,

164 3153 258 3226 hisce
289 3164 361 3226 tam·
379 3156 513 3250 ²paucis
543 3155 578 3223 in
603 3155 766 3245 exemplis
798 3153 1002 3247 productam
1020 3176 1118 3245 pesse,
1154 3152 1203 3222 de
1239 3179 1291 3226 eo

164 3266 293 3327 tantum
317 3258 451 3328 videtur
475 3259 592 3351 quaeri
617 3280 739 3349 posse,
764 3267 902 3326 rectene
924 3255 1178 3326 emendaverint
1197 3280 1290 3329 me-

164 3361 255 3449 trici,
282 3383 324 3428 an
349 3362 468 3429 melius
494 3362 578 3451 quid
598 3370 633 3429 et
657 3359 866 3452 probabilius
885 3361 992 3451 possit
1008 3358 1158 3429 inveniri.
1201 3359 1290 3431 Ha·

93 3514 96 3527 ,
162 3464 244 3532 bent
276 3465 432 3556 exempla
461 3464 525 3532 ista
555 3465 624 3533 hoc
657 3486 853 3550 commune,
887 3463 981 3552 quod
1018 3472 1053 3531 et
1082 3460 1289 3534 restrictio-

161 3589 242 3636 nem
267 3568 380 3634 omnia
405 3575 439 3635 et
464 3566 741 3637 asseverationem
767 3567 957 3639 admittunt.
1009 3565 1185 3651 Quocirca
1218 3571 1289 3660 qui

159 3671 196 3740 in
222 3670 376 3738 omnibus
403 3665 468 3742 orit
494 3669 541 3743 ἄν
565 3699 606 3765 γε
631 3679 827 3762 reponeret,
856 3692 925 3738 non
949 3668 1078 3738 faceret
1096 3668 1198 3758 quod
1219 3683 1289 3742 aut

161 3773 342 3841 sententiae
372 3772 557 3841 verborum
580 3797 648 3842 non
678 3774 887 3862 conveniret,
920 3779 994 3860 aut,
1027 3793 1133 3863 quum
1167 3775 1289 3847 etiam

161 3875 280 3968 optimi
312 3883 413 3964 atque
445 3877 661 3967 antiquissimi
692 3875 770 3947 libri
802 3876 994 3972 saepissime
1027 3875 1083 3943 vel
1110 3876 1289 3950 omittant

159 3979 250 4047 male
275 3978 330 4047 vel
355 3978 481 4051 addant
507 3981 707 4073 particulas,
743 4000 812 4047 non
837 3978 936 4047 valde
960 3976 1141 4070 probabile
1168 3981 1287 4054 vide-

159 4090 262 4154 retur.
314 4081 403 4179 lllud
436 4082 541 4171 enim,
576 4084 671 4174 quod
694 4081 733 4149 iis
760 4083 794 4149 in
825 4083 924 4170 locis,
956 4081 992 4149 in
1024 4079 1148 4172 quibus
1175 4084 1288 4157 aliud

59 4198 64 4207 '
160 4213 200 4278 ys
235 4184 384 4272 accedit,
426 4209 502 4254 eam
539 4187 748 4256 iterationem
780 4185 918 4275 quidam
949 4185 1161 4272 invenustam
1194 4210 1287 4263 esse

124 4359 128 4377 ,
160 4289 330 4377 dixerunt,
360 4311 544 4384 perperam
567 4291 751 4361 iudicatum
777 4311 850 4359 esse
869 4289 985 4359 monui
1004 4288 1050 4359 ad
1067 4287 1285 4388 Antigonae
