2918 4890
565 310 653 371 ΗΒ.
678 308 699 370 Ι.
743 309 915 373 01912.
1246 317 1287 379 tl

168 500 256 571 iilud
280 507 393 569 autem
415 497 510 588 quod
522 521 562 591 p.
584 494 645 573 55.
662 521 704 568 ex
721 496 834 591 lphig.
857 498 892 565 in
915 497 990 567 Arri.
1013 496 1099 567 944.
1116 505 1286 595 apposnit,

168 606 274 698 piane
289 626 357 671 non
369 602 539 694 pertinere
561 602 607 671 ad
629 603 842 672 omissionem
862 601 1065 694 particulae,
1092 607 1171 694 qnia
1192 610 1286 697 quod

169 707 323 778 Achilles
340 705 439 792 dicit,

149 969 154 975 ,
276 870 347 971 irai
372 870 540 955 ιιοῖνιοτος
566 903 611 972 ην
637 872 702 971 cip
730 869 956 972 Ἀργιίον’
931 871 1046 973 carin,

279 986 346 1071 ἐγω
337 973 421 1052 cd
442 980 574 1075 μηδέν,
601 975 855 1058 Msra'isocd
882 985 920 1053 ἐν
947 973 1145 1103 οἷνδραοιν,

279 1110 324 1164 ως
350 1082 433 1172 crixi
464 1083 626 1177 Πηλέως,
654 1077 736 1155 ἀλλ’
763 1075 964 1178 ἀλάστορος
990 1075 1121 1176 γεγώς,

279 1188 380 1283 εἴπερ
408 1178 556 1280 φονεύει
581 1176 723 1277 corinda
750 1182 870 1277 ὄνομα
897 1185 948 1278 σῷ
973 1179 1089 1258 πόσει.

171 1357 265 1425 Ιιιιοο
284 1377 419 1424 sensnm
441 1353 564 1424 habet:
597 1377 655 1422 me
676 1376 771 1447 crgo
791 1351 955 1449 infimam
979 1353 1226 1448 Argivorum,
1252 1367 1288 1427 et

170 1461 276 1529 nollo
293 1459 375 1529 loco
391 1453 618 1540 nabendum,
646 1458 858 1528 Menelaum
883 1467 1005 1528 antem
1025 1459 1145 1528 viram
1165 1469 1289 1552 potn-

173 1562 242 1633 bat
266 1563 543 1656 Agamemnon,
578 1561 611 1631 si
631 1585 710 1631 meo
724 1561 866 1631 nomine
889 1563 944 1631 ad
969 1562 1123 1632 caedem
1134 1561 1289 1656 sacien-
1345 1555 1352 1570 ⁰

173 1668 269 1736 dam
292 1665 465 1736 abutitur.
517 1665 698 1756 Dionysius
721 1689 804 1734 vero
827 1666 906 1734 Hal.
932 1666 1059 1734 inante
1084 1665 1171 1735 rhet.
1200 1691 1229 1736 c.
1253 1666 1288 1735 4.

173 1794 213 1863 p.
231 1767 319 1855 247,
341 1768 444 1840 9.οά
461 1768 578 1838 Reisk.
596 1769 642 1836 ad
654 1793 757 1860 quem
772 1770 886 1837 locum
900 1768 957 1836 ilia
973 1769 1289 1840 adnotaritSchae-
1314 1782 1319 1791 “

174 1874 288 1962 ferus,
322 1895 427 1962 quum
447 1866 628 1964 scripsit
603 1900 647 1966 ην
672 1873 740 1966 μὲν
762 1867 827 1945 οὖν
850 1870 909 1944 καὶ
930 1898 1028 1968 παρα
1021 1865 1208 1967 Σαπφοῖ
1227 1873 1290 1970 τῆς
1421 1908 1424 1914 ’

175 1968 417 2071 ι’δέαςταύτης
430 1974 731 2072 παραδείγματα,
753 1997 822 2042 non
845 1984 896 2043 est
918 1973 955 2042 id
975 1984 1067 2044 recte
1084 1975 1290 2046 Schaeferus

174 2081 223 2148 sic
247 2079 500 2171 interpretatus.
537 2100 668 2172 posses
700 2079 846 2169 qnidam
884 2077 1032 2146 etiam
1019 2101 1056 2145 ιιι
1085 2077 1289 2202 Sapphicia

176 2183 346 2276 exempla
363 2179 629 2274 huiuasorrnac
643 2182 817 2273 reperire
854 2183 944 2249 Nam
959 2189 993 2249 et
1008 2176 1138 2275 sciprio,
1166 2205 1193 2250 οι
1183 2182 1291 2250 illud

176 2285 336 2354 voluisset
351 2286 510 2377 scriptor,
537 2285 664 2354 addere
679 2284 867 2381 debuisset,
893 2305 958 2354 nec
968 2305 1140 2378 posces,
1145 2285 1208 2353 scd
1218 2307 1291 2379 pc-

177 2399 283 2459 terne
305 2389 391 2456 verti
411 2390 611 2479 oportebat,
638 2389 716 2477 quia
736 2411 805 2457 non
825 2387 905 2456 licet
927 2409 1124 2481 opponere,
1158 2398 1200 2459 at
1218 2410 1293 2458 ιιοτι

174 2500 282 2586 potes
309 2491 477 2560 invenire.
530 2494 639 2560 Recte
654 2514 736 2560 vcro
753 2486 913 2582 loilnntus
936 2503 988 2560 est
1004 2491 1197 2581 Dionysius,
1222 2491 1291 2560 hoc

176 2596 312 2664 volens:
332 2594 368 2662 in
377 2603 555 2688 prompto
570 2603 679 2664 erant
694 2595 862 2688 exennpla
874 2595 911 2662 in
925 2593 1138 2688 Sapphicic,
1164 2594 1292 2688 quibus

177 2698 233 2770 oti
248 2705 444 2790 poteram:
476 2699 543 2768 aed
559 2698 644 2766 nolo
665 2697 711 2768 iis
734 2698 797 2767 nti.
849 2697 922 2767 Sed
943 2699 1030 2785 satis.
1082 2697 1177 2766 Nihil
1203 2698 1292 2767 enim

139 2858 143 2863 ,
178 2823 268 2893 opus
284 2801 465 2893 exemplis,
491 2825 578 2893 quae
588 2790 668 2892 ‘quis
688 2824 730 2869 ex
745 2798 863 2892 quovis
879 2799 1043 2891 scriptore
1058 2800 1192 2868 millena
1207 2823 1293 2893 pos-

178 2905 221 2974 sit
238 2904 408 2996 colligere.
1022 2952 1025 2963 .

282 3006 383 3076 Talia
404 3008 517 3099 potins
538 3003 662 3074 afferre
687 3004 979 3098 operaepretium
999 3012 1069 3091 est,
1109 3005 1142 3072 in
1173 3005 1294 3094 quibus

180 3107 335 3178 additum
349 3111 391 3179 sit
405 3107 465 3199 ἄν,
493 3109 652 3200 quoniam
669 3108 712 3177 de
729 3132 769 3177 ea
785 3132 824 3177 re
839 3109 976 3199 quidam
994 3107 1196 3176 dubitarunt.
1230 3107 1293 3176 Est

180 3213 270 3281 enim
289 3213 390 3282 etiam
410 3213 473 3282 iliis
499 3212 628 3299 verbis,
650 3235 738 3302 quae
759 3213 962 3304 plerumque
985 3220 1101 3278 carent
1115 3211 1293 3304 particula,

179 3317 369 3385 necessario
395 3316 570 3400 addenda,
602 3315 662 3384 ubi
686 3315 887 3383 contrarium
905 3315 1038 3383 illorum
1061 3315 1269 3382 verborum
1259 3337 1294 3380 ιιι

179 3418 294 3486 nirenta
304 3418 479 3488 habemns
530 3419 695 3511 Incipiam
710 3419 778 3486 ab
769 3418 891 3510 insigni
880 3417 951 3485 ad
970 3439 1044 3511 rem
1058 3416 1293 3486 demonstran-

181 3521 263 3589 dam
281 3504 359 3590 ioco
385 3521 656 3591 Demosthenis
646 3545 681 3589 ιιι
708 3519 795 3594 Mid.
819 3515 974 3613 p.525,
1018 3515 1078 3586 15.
1107 3522 1141 3592 ai
1161 3517 1294 3591 τοίνυν

181 3618 324 3747 οἱνιοίιιιηΙ
338 3651 424 3706 τους
443 3631 520 3706 τοῖς
539 3622 751 3704 Διονυσίοις
763 3652 801 3697 τι
816 3623 1014 3704 ποιοῦντας
1029 3649 1122 3695 κατα
1138 3615 1293 3704 τούτους
1325 3687 1331 3703 ,

180 3719 267 3806 τούς
280 3719 415 3896 adnant
429 3727 529 3820 διἀην
550 3721 714 3814 διδόναι,
741 3723 886 3847 οὐδὲν
861 3754 907 3799 αν
919 3727 1081 3820 concidat
1097 3723 1207 3796 τοῦδε
1224 3725 1294 3797 τοῦ

182 3930 283 4020 dent,
309 3940 344 4002 et
359 3941 477 4024 aperte
499 3932 696 4025 oppositam
709 3941 780 4020 est,
807 3925 901 4005 α’λλα
921 3933 1068 4028 προιδεῖ
1082 3929 1152 4003 τοῦ
1167 3925 1294 4023 νόμον.

181 4031 376 4126 Sophocles
392 4034 480 4107 Ocd.
497 4034 572 4106 con
589 4030 701 4103 1365.

288 4201 383 4280 οἰδ
409 4205 562 4301 ἕξέφοοα
589 4198 694 4285 accde
717 4231 769 4300 μη
795 4200 936 4298 'naono
961 4227 1122 4327 apopovc

287 4335 353 4389 τας
378 4302 578 4398 παῖδας,
553 4337 575 4397 η
605 4306 675 4380 τοῖν
702 4302 767 4380 οιιίι
794 4335 839 4379 αν
865 4301 926 4396 ἦν,
953 4333 997 4380 το
1025 4332 1090 4379 σον
1093 4304 1234 4401 μέρος
1341 4366 1345 4368 -
