2918 4890
204 289 269 353 m
540 281 600 344 DE
634 282 909 346 Plumcvtl
930 279 979 348 ἂν

205 475 307 547 sentis
317 475 371 543 vel
389 471 491 541 futuri
505 473 666 566 temporis
685 482 747 561 est,
771 474 961 543 necessario
974 499 1011 543 se
1029 474 1076 543 ita
1093 473 1210 564 lubet,
1236 478 1316 568 quia

205 604 294 671 quae
312 601 353 646 ex
374 599 417 645 eo
433 577 602 668 pendent,
627 600 697 645 non
717 588 860 669 possunt
880 601 949 645 non
970 579 1084 646 futura
1106 605 1190 648 esse.
1243 580 1316 650 Sed

204 682 287 753 illud
308 682 493 750 verbumsi
516 691 568 748 est
586 681 761 772 praeteriti
782 683 966 772 temporis,
999 692 1058 749 aut
1079 685 1179 751 instat
1202 684 1315 752 adhuc

204 786 365 871 effectus,
391 793 449 852 aut
462 785 530 852 iam
544 785 726 876 praeteriit.
776 785 816 852 Si
828 785 948 871 instat,
975 786 1096 854 eadem
1110 798 1161 854 est
1175 789 1316 854 coniun-

205 890 283 959 ctivi
297 887 488 971 necessitas,
512 911 601 977 quae
620 888 654 954 in
666 909 705 954 re
721 896 900 977 praesente
914 899 949 955 et
962 888 1085 956 futura.
1135 890 1183 957 Vt
1196 893 1224 958 si
1240 892 1313 981 quis

204 993 334 1062 venisse
354 1014 391 1059 se
415 991 521 1075 dicat,
546 999 585 1058 ut
605 1013 694 1058 nnnc
716 991 821 1058 verba
842 991 961 1077 faciat,
994 990 1023 1058 is
1047 992 1157 1077 dicet,
1183 989 1314 1089 ἦλθον,

204 1102 264 1170 ἴνα
293 1094 393 1187 λέγω.
444 1093 608 1162 Nondum
628 1093 718 1161 enim
741 1094 847 1178 fecit,
883 1094 978 1184 quod
999 1094 1036 1161 iu
1058 1097 1170 1164 animo
1202 1096 1314 1164 habe-

202 1200 279 1285 bat,
304 1220 409 1287 quum
429 1197 577 1282 veniret,
604 1197 666 1265 sed
687 1205 738 1265 est
758 1220 847 1265 nunc
869 1197 1008 1265 demum
1028 1198 1188 1266 facturus.
1241 1199 1315 1268 Sed

203 1304 284 1372 siet
303 1302 411 1388 venit,
438 1309 472 1369 et
488 1323 591 1390 quam
609 1300 746 1369 volebat
771 1301 959 1369 orationem
982 1301 1119 1387 habuit,
1144 1304 1191 1370 ita
1212 1303 1313 1390 dicet,

203 1402 321 1502 ἦλθον
342 1411 402 1477 ἵνα
420 1404 586 1495 λέγοιμι,
619 1424 687 1470 non
711 1426 780 1492 quo
802 1427 838 1472 se
859 1405 928 1472 iam
946 1405 1105 1473 habuisse
1127 1408 1313 1475 orationem

179 1595 182 1601 Ι
203 1508 384 1602 significet,
411 1504 473 1574 sed
491 1514 530 1572 ut
548 1506 721 1574 consilium
737 1516 884 1594 tantum,
911 1530 981 1598 quo
995 1517 1151 1596 venerat,
1177 1510 1312 1596 indicet,

202 1635 271 1682 nou
289 1617 403 1678 autem
419 1631 456 1676 se
477 1630 567 1675 nuuc
589 1608 726 1676 demum
749 1620 1010 1699 exsequuturum
1032 1612 1116 1679 illud
1137 1614 1313 1681 consilium

202 1738 277 1785 esse
298 1714 422 1781 innuat.
455 1712 629 1804 Exemplis
645 1711 679 1779 in
700 1735 739 1780 re
759 1713 928 1781 tritissima
949 1738 1019 1782 non
1037 1738 1124 1807 opus
1143 1725 1205 1789 est.
1240 1716 1312 1784 Sed

201 1840 306 1889 unum
324 1825 437 1884 tamen
457 1814 616 1905 afferam,
642 1815 738 1906 quod
757 1816 916 1909 singulari
935 1817 1040 1886 modo
1063 1819 1312 1901 conformatum

200 1931 269 2011 ιιι,
297 1918 409 1993 oar.
427 1918 513 1989 ειν.

305 2068 398 2150 α’λλολ
415 2067 509 2167 μάλ’
524 2071 677 2169 ὤφελλες
694 2071 814 2149 Διΐτ’
830 2072 994 2150 ἄλλοισίν
1006 2103 1047 2149 τε
1064 2080 1208 2148 θεοῖσιν

304 2180 405 2278 ῥέξας
418 2171 501 2274 ἱεροῖ
513 2172 598 2250 κάλ’
613 2175 878 2274 ἀναβαινέμεν,
906 2177 1005 2278 ὄφρα
1023 2171 1183 2269 τάχιοτα

306 2276 373 2379 orie
390 2285 424 2362 ἐς
437 2277 588 2378 πατρίδ’
603 2288 708 2355 ἵκοιο.

200 2439 387 2530 Exspectes
409 2433 484 2520 hic,
509 2441 547 2500 ut
572 2434 607 2500 in
633 2435 725 2501 irrito
751 2436 908 2522 consilio,
944 2443 1040 2525 ἵκεο,
1073 2443 1113 2504 ut
1133 2433 1310 2505 venisses.-

200 2563 268 2610 non
281 2537 370 2607 venit
393 2536 499 2604 enim:
526 2535 588 2602 sed
610 2536 692 2603 dixit
716 2543 828 2625 ἵκοιο,
856 2561 925 2605 non
952 2548 1108 2630 spectans
1129 2539 1211 2626 quid
1228 2563 1308 2607 eve-

199 2644 297 2729 nerit,
323 2639 384 2709 sed
400 2661 467 2729 quo
483 2639 620 2706 consilio
632 2661 685 2706 res
704 2639 858 2707 debuerit
873 2643 1006 2733 suscipi.
1047 2643 1152 2726 Quod
1166 2643 1194 2710 si
1210 2649 1310 2737 ἵκηαι

200 2746 347 2828 dixisset,
367 2743 479 2811 adhuc
491 2741 676 2810 rediturum
689 2742 902 2835 significaret.
935 2745 1071 2812 Eodem
1088 2745 1191 2812 modo
1209 2746 1309 2812 etiam

199 2872 359 2944 praeseus
377 2857 411 2916 et
425 2846 573 2914 futurum
588 2847 683 2914 verbi
698 2847 846 2938 primarii
865 2849 1014 2939 optativo
1032 2849 1224 2940 iunguntur,
1249 2849 1309 2915 ubi

201 2952 339 3021 desolo
360 2950 496 3018 consilio
518 2972 628 3018 sermo
645 2959 710 3017 est:
737 2951 830 3038 quod
845 2975 950 3040 quum
966 2953 1022 3037 fit,
1050 2975 1091 3018 ea
1112 2952 1239 3018 ratione
1253 2953 1308 3018 lo-

199 3055 323 3147 quendi
341 3053 584 3146 significamus,
611 3061 768 3120 eventum
783 3076 851 3120 non
873 3056 1131 3147 comprobatum
1149 3055 1190 3121 iri
1205 3056 1307 3122 facto.

199 3159 307 3228 Aliter
336 3157 423 3224 enim
453 3157 663 3222 coniunctivo
692 3165 873 3224 uteremur.
924 3158 965 3225 ld
990 3160 1109 3250 pulcre
1135 3158 1309 3248 perspexit

198 3261 369 3353 Reisigius
385 3260 420 3327 in
437 3256 569 3327 Comm.
589 3282 638 3343 cr.¹
653 3258 697 3326 ad
720 3257 808 3330 Oed.
830 3259 904 3328 Col.
926 3286 963 3353 p.
987 3261 1073 3329 168.
1088 3284 1182 3349 seqq.
1206 3285 1308 3350 quem

198 3363 363 3434 tamenin
380 3362 538 3430 Electrae
560 3362 766 3455 Euripideae
785 3363 862 3430 loco
884 3387 916 3437 v.
933 3363 994 3432 57.
1018 3389 1112 3454 seqq.
1136 3364 1206 3431 falli
1225 3365 1308 3431 mihi

198 3467 324 3551 videri,
346 3465 390 3533 ad
411 3464 591 3556 Sophoclis
614 3466 771 3535 Electrae
794 3489 824 3534 v.
840 3462 902 3539 57.
926 3468 1003 3536 dixi.
1055 3469 1093 3535 ln
1114 3467 1308 3535 huiusmodi

198 3572 299 3665 igitur
323 3568 483 3659 exemplis
507 3569 672 3659 optativus
687 3560 863 3638 manifesto
882 3571 929 3639 sic
950 3581 1148 3662 usurpatur,
1174 3580 1212 3637 ut
1235 3573 1307 3638 solo

198 3674 339 3742 consilio
366 3670 545 3740 indicando
576 3670 792 3740 effectionem
827 3695 895 3740 norr
929 3684 1145 3764 sequuturam
1177 3683 1306 3765 arguat.

197 3775 260 3845 Est
279 3797 361 3844 vero
385 3774 505 3858 etiem,
526 3773 584 3840 ubi
600 3775 732 3863 utrique
755 3775 858 3842 modo
883 3778 976 3845 locus
999 3784 1071 3866 est,
1098 3779 1221 3868 prouti
1234 3800 1307 3848 rem

197 3878 307 3948 arrimo
323 3877 504 3970 concipias.
556 3877 603 3944 Vt
615 3877 708 3944 lliad.
722 3905 752 3968 χ.
767 3876 853 3951 348.

299 4013 344 4096 oie
360 4010 424 4088 οὐκ
439 4007 524 4088 ἔσθ’
541 4011 579 4096 ὂς
594 4011 656 4110 οῆς
668 4041 708 4107 γε
725 4006 831 4095 κύνας
847 4014 1000 4113 κεφαλῆς
1016 4010 1229 4090 ἀπαλάλκοι.

196 4150 313 4244 Eurip.
329 4151 404 4224 Alc.
420 4145 481 4219 53.

300 4285 384 4366 ἔσθ’
399 4283 465 4365 οὖν
482 4285 576 4371 ὅπως
589 4285 782 4388 Ἀλκησκις
798 4292 831 4370 ἐς
846 4287 957 4386 κῆρας
972 4281 1104 4381 μόλοις
