3166 5044
447 343 739 408 lNCllEDlBILIVM
764 343 878 406 LIBER
902 341 1053 409 PRIMVS.
1104 357 1106 360 ’
1213 395 1215 400 .
1241 349 1306 414 845

198 541 427 634 ignoscerem,
467 559 532 608 nec
559 537 741 632 periclitari
772 538 950 608 videbatur
986 537 1183 619 existimatio
1215 561 1304 627 mea,

198 643 395 738 praesertim
411 642 455 710 ab
471 665 524 728 eo,
550 643 607 733 qui
624 666 698 711 earu
716 643 840 734 capulo
854 641 981 728 feriret,
1006 663 1067 708 sua
1080 663 1181 709 manu
1196 643 1303 712 aciem

198 746 414 840 prehendens
435 745 549 838 gladii.
601 745 695 831 Quid
716 747 822 833 eubu,
846 746 877 814 ¹si
898 744 971 833 quis
990 745 1220 834 exuuiasque
1239 768 1302 814 no-

201 861 305 920 strum
320 848 450 941 scriptis
465 871 525 936 eo,
553 870 621 936 quo
636 848 797 940 deinceps
810 848 927 917 ordine
942 847 1032 916 edita
1045 856 1131 931 suut,
1154 849 1212 916 illa
1227 871 1303 917 om·
1423 859 1426 866 “

200 957 255 1023 nia
275 953 451 1044 colligeret
470 961 573 1041 atque
601 961 836 1045 componeret,
850 953 896 1020 'in
919 950 1040 1040 quibus
1061 952 1146 1019 alter
1166 953 1302 1021 alterius

201 1057 403 1126 mentionem
423 1057 479 1124 vel
499 1055 693 1123 nominatim
721 1056 795 1140 vel,
827 1064 865 1123 ut
889 1055 946 1122 ille
963 1054 1183 1145 plerumque,
1219 1079 1304 1148 sup-

201 1181 320 1253 presso
338 1160 472 1227 nomine
495 1157 661 1226 fecimus?
719 1159 956 1246 Numquamne
986 1157 1147 1250 cogitavit
1171 1157 1302 1227 Sebae-

203 1265 311 1348 ferus‚
350 1261 433 1350 quid
466 1270 501 1338 et
531 1263 687 1350 aequales
714 1283 802 1329 nune
828 1260 960 1345 dicant,
1004 1270 1038 1328 et
1071 1261 1151 1328 olim
1184 1261 1305 1330 dicturi

204 1368 269 1434 sint
283 1365 429 1457 posteri,
455 1386 600 1454 quorum
620 1366 851 1455 incorruptum
872 1363 1034 1430 iudicium
1055 1363 1118 1431 sibi
1140 1385 1209 1432 nou
1229 1387 1302 1432 me·

203 1467 368 1535 tuendum
385 1475 499 1561 putat,
527 1466 555 1534 si
573 1466 628 1534 his
641 1476 711 1534 tarn
729 1467 844 1552 elaris,
869 1474 939 1533 tam
954 1487 1022 1533 nou
1040 1465 1149 1533 dubiis
1164 1467 1303 1534 vocibus

203 1580 384 1659 utrumque
412 1577 563 1638 nostrum
598 1570 642 1638 de
672 1593 709 1644 se
740 1570 850 1661 ipsum
878 1591 947 1658 quo
979 1569 1089 1635 auimo
1112 1569 1304 1658 quibusque

204 1674 353 1742 moribus
377 1673 419 1740 sit
438 1681 598 1741 testantes
625 1672 783 1740 videant?
834 1671 890 1739 Ad
914 1669 1019 1757 haec,
1049 1693 1137 1761 quae
1166 1672 1200 1739 in
1220 1695 1305 1740 eon-

206 1784 327 1867 spectu
354 1785 431 1843 sunt
455 1774 629 1844 bominum
651 1777 892 1864 litteratorum,
926 1773 1092 1842 accedunt
1113 1773 1186 1859 illa,
1218 1792 1305 1864 quae

206 1879 300 1947 domi
321 1878 413 1946 liunt.
467 1878 538 1947 Scit
556 1879 630 1970 ipse
657 1901 726 1968 quo
749 1877 859 1946 studio
884 1877 1003 1964 fuerit,
1038 1899 1142 1967 quum
1165 1879 1306 1970 Reisigii

206 1981 365 2050 irritabile
387 2003 446 2049 cor
462 1979 600 2073 Oedipo
616 1981 768 2050 Coloneo
790 2004 812 2049 a
825 2003 881 2049 me
896 1980 988 2048 edito
1007 1980 1174 2048 interitum
1196 1982 1307 2074 spira·

206 2087 282 2172 bat,
314 2083 359 2152 de
378 2107 445 2174 qua
461 2086 601 2153 realibi
625 2084 740 2176 lepda
762 2083 991 2153 narrabuntur.
1044 2085 1122 2150 Non
1137 2084 1306 2170 infitiatur,
1326 2053 1410 2141 Ηιιε
1434 2051 1552 2165 lpas

206 2211 271 2256 nec
294 2195 408 2280 potest
430 2187 580 2272 infitiari,
614 2210 652 2254 se
674 2188 710 2254 iu
730 2185 938 2255 sermonibus
960 2208 1038 2253 cum
1059 2186 1117 2276 iis,
1150 2187 1208 2276 qui
1229 2209 1307 2255 eum
1319 2191 1490 2264 wal·
1511 2195 1547 2260 ta

206 2293 315 2360 visum
340 2288 491 2380 veniunt,
532 2289 821 2358 vehementissime
847 2298 883 2358 et
906 2289 1234 2358 contumeliosissime
1256 2290 1469 2406 domm>
1493 2312 1566 2380 (αἱ

207 2416 264 2462 me
278 2392 439 2481 conqueri
460 2392 588 2482 etquid
607 2401 798 2484 patraturus
815 2393 857 2461 sit
871 2391 1021 2460 minitari.
1060 2391 1140 2484 Ego
1158 2393 1307 2483 quidem,
1318 2433 1347 2515 s
1519 2437 1569 2505 η

209 2497 269 2586 qui
283 2495 434 2563 iniuriam
448 2496 492 2563 ab
507 2519 548 2565 eo
562 2496 626 2564 sibi
640 2495 766 2564 factam
778 2496 879 2564 ulturi
892 2503 1003 2581 erant,
1028 2497 1122 2563 oravi
1144 2519 1187 2564 ne
1204 2497 1241 2564 id
1254 2497 1309 2565 fa·
1339 2477 1385 2516 “⁶
1403 2443 1504 2545 {sm-
1571 2483 1579 2568 ⁴.

211 2608 336 2689 cetent,
356 2601 623 2689 asseveravique,
650 2601 678 2667 si
699 2600 912 2689 sciretquam
925 2597 1062 2666 iniustus
1078 2607 1177 2690 esset,
1197 2585 1452 2692 ipsumsll‘v'·

210 2703 319 2796 magis
334 2725 436 2792 quam
446 2701 520 2771 illos
536 2703 734 2772 doliturum:
755 2703 947 2795 pariterque
964 2701 1104 2770 defendi
1119 2725 1196 2771 eum
1209 2713 1310 2793 atque

211 2807 366 2900 excusari
385 2805 479 2896 apud
501 2807 596 2893 illos,
621 2807 679 2896 qui
700 2829 768 2874 uon
784 2807 885 2898 pauci
910 2805 1022 2891 fuere,
1050 2827 1134 2895 quos
1153 2805 1309 2899 indigna-

210 2917 263 2977 tos
283 2909 352 2976 eius
375 2909 609 2978 maledicentia
628 2909 802 2997 videbam,
833 2909 969 2998 dixique
989 2915 1166 3000 aegrotare
1188 2910 1311 2980 eodem

211 3011 351 3098 morbo,
364 3034 446 3102 *quo
467 3011 669 3081 laboraverit
694 3013 719 3079 1.
742 3013 787 3080 Η.
809 3011 963 3100 Vossius,
995 3010 1046 3077 vir
1065 3011 1235 3081 voluntate
1259 3015 1312 3083 iu·

212 3124 302 3205 stus,
335 3115 432 3194 factis
464 3139 568 3207 saepe
595 3116 741 3186 iniustus.
802 3117 924 3205 Neque
954 3113 1042 3182 enim
1080 3115 1201 3183 mirum
1227 3103 1311 3206 esse,

212 3219 320 3284 virum
338 3219 459 3287 multas
471 3218 627 3287 fortunae
640 3219 827 3308 iniquitates
853 3225 1048 3310 expertum,
1076 3217 1312 3310 consciumque

214 3319 276 3388 sibi
294 3341 443 3412 maguae
465 3322 639 3412 multoque
662 3322 780 3390 labore
804 3330 923 3412 partae
944 3320 1135 3410 doctrinae,
1169 3345 1312 3414 eamque

214 3446 236 3490 a
258 3423 460 3512 quibusdam
484 3447 551 3492 uon
571 3425 670 3512 tanti,
696 3426 812 3514 quanti
835 3446 981 3514 acquum
1005 3423 1067 3510 sit,
1092 3425 1182 3511 fieri,
1209 3435 1312 3516 atque

214 3524 302 3594 adeo
324 3527 423 3612 alios,
458 3549 543 3616 quos
567 3551 604 3596 se
624 3527 730 3596 multo
748 3527 921 3595 inferiores
945 3549 1017 3594 esse
1035 3526 1179 3617 iudicet,
1209 3535 1346 3620 prae-'t
1400 3553 1403 3564 ¹

214 3630 295 3698 lerri
307 3631 369 3698 sibi
382 3629 593 3718 credentem,
619 3631 809 3722 paullatim,
831 3629 1027 3723 praesertim
1043 3630 1070 3698 si
1082 3653 1118 3698 se
1135 3653 1313 3703 acousue-

215 3732 329 3802 tudiue
351 3732 526 3801 hominum
550 3743 727 3826 segreget,
753 3735 840 3802 adeo
864 3734 1073 3825 suspicacem
1093 3733 1185 3820 fieri,
1208 3745 1245 3803 ut
1262 3739 1316 3805 ui-

215 3834 265 3903 hil
279 3858 345 3904 uon
359 3837 395 3904 in
409 3837 592 3928 pessimam
606 3847 742 3932 partem
759 3838 918 3930 accipiat,
945 3857 1100 3926 quaeque
1114 3837 1187 3929 ipse
1204 3839 1315 3909 animo

217 3941 417 4008 exacerbato
438 3939 499 4008 sibi
514 3941 646 4010 finxerit
663 3963 729 4033 pro
749 3942 835 4009 veris
856 3939 1003 4025 habens,
1029 3939 1140 4006 omnia
1162 3941 1223 4010 sibi
1245 3953 1317 4012 atra

217 4064 357 4111 cernere
383 4041 544 4114 videatur.
607 4043 704 4112 Haec
723 4044 866 4134 quidem
895 4065 1000 4133 quum
1025 4041 1109 4128 feci,
1142 4065 1209 4112 non
1231 4024 1324 4138 pulo
1444 4079 1447 4086 ¹
1566 4085 1573 4098 ·

217 4167 273 4214 use
288 4147 320 4215 ei
332 4145 463 4213 iniurias
477 4145 635 4215 intulisse.
752 4189 754 4194 ·
1258 4164 1261 4172 ¹

321 4248 520 4318 Succensuit
531 4245 614 4318 mihi
629 4250 793 4340 primum,
820 4257 857 4316 ut
873 4247 1010 4338 quidem
1025 4247 1070 4314 ait
1085 4256 1119 4314 et
1140 4271 1246 4338 usque
1261 4275 1317 4321 re-

218 4352 323 4444 petit,
348 4351 527 4433 novissime
548 4352 583 4422 in
607 4351 779 4422 Plutarchi
802 4351 879 4425 Vol.
897 4351 939 4420 V.
964 4375 999 4444 p.
1021 4347 1083 4422 9⁰.
1110 4361 1212 4440 atque
1232 4355 1319 4427 adeo
1450 4346 1453 4354 Δ
