2918 4890
418 371 427 383 χ
505 308 560 421 ild
575 304 760 373 MENSVRA
774 306 998 388 vumstvu
1019 307 1085 378 όιύ.Ι
1277 320 1344 387 885

232 523 302 570 non
318 501 355 581 in
373 479 554 570 scribendo
573 500 715 592 accidit,
740 501 846 570 verba
863 501 955 571 idem
970 502 1188 594 significantia
1200 529 1341 597 pennu·

232 613 322 690 tare,
350 605 396 693 is,
425 605 565 698 opinor,
592 627 661 675 non
688 628 710 673 a
732 628 814 674 vero
840 627 902 675 nos
927 605 1085 676 aberrare
1105 607 1283 700 iudicabit,
1313 613 1342 682 si

231 717 374 801 poetam
395 707 443 777 sic
462 708 633 803 scripsisse
650 709 907 779 contendamus:

387 856 472 936 οὔτ’
493 859 541 936 dr
564 856 724 937 ἀδικοῖτ’
743 857 851 937 οὐδὲν
879 857 1015 954 οὐδείς,
1052 859 1142 940 οὔδ’
1167 860 1342 966 όβρίζοιτῖ

769 980 818 1083 div
835 983 963 1058 δόλων.

231 1135 356 1225 Error,
382 1133 549 1225 antiquior
561 1131 758 1224 Eustathio‚
784 1133 916 1205 ab·hoo
934 1144 985 1207 est
1001 1135 1174 1230 repetitus.

332 1289 426 1358 XIII.
468 1287 597 1356 Poterit
620 1285 764 1357 fortasse
792 1289 1120 1359 tertiumdecimum
1149 1291 1341 1385 exemplum

231 1417 274 1463 ex
295 1392 421 1463 Cratini
444 1392 556 1462 verbis
579 1392 669 1483 peti,
703 1415 791 1485 quae
818 1394 913 1485 apud
936 1392 1150 1464 Athenaeum
1177 1416 1212 1486 p.
1235 1396 1269 1464 8.
1296 1399 1339 1466 A.
1402 1469 1410 1481 s

231 1499 278 1566 sic
299 1500 423 1590 scripta
443 1497 620 1588 leguntur:
647 1493 721 1576 noir
746 1494 792 1568 άυ
808 1492 1026 1590 Ἰσχομάχου
1048 1492 1199 1591 χεχουυδς
1213 1501 1341 1572 Μυκο·

231 1599 312 1674 olco
336 1599 536 1695 φιλόδωρος
556 1595 602 1669 civ
625 1599 703 1695 οἴης.
762 1597 802 1666 ln
823 1600 944 1689 quibus
966 1623 1072 1690 quum
1094 1625 1206 1691 neque
1236 1601 1340 1671 dictio

229 1726 337 1772 vacua
350 1703 429 1789 uitio
455 1703 512 1789 sit,
537 1723 649 1790 neque
674 1702 803 1771 numeri
824 1704 881 1792 qui
902 1703 1012 1772 usitati
1033 1704 1096 1772 sint
1122 1705 1339 1794 inveniantur,

229 1815 386 1898 apertum
408 1813 476 1892 est,
519 1805 547 1872 si
567 1803 654 1872 haec
668 1814 746 1873 suut
775 1828 817 1872 ex
838 1807 989 1874 versibus
1017 1807 1177 1877 iambicis.
1193 1820 1338 1901 sumpta,

185 1909 187 1913 ’
229 1933 297 1978 non
311 1910 407 1976 aliter
429 1917 511 2000 apto
533 1917 634 1997 atque
651 1907 799 1999 eleganti
819 1931 960 1977 numero
981 1910 1148 1978 trimetros
1169 1911 1337 2002 incedere,

228 2035 332 2104 quam
352 2012 522 2105 producta
540 2010 725 2103 particula,
749 2011 819 2079 sire
842 2012 889 2079 sic
914 2013 1109 2082 distribuast

394 2270 397 2275 .
433 2163 506 2245 πός
521 2161 566 2235 oio
580 2156 803 2257 Ἰσχομάχου
816 2157 926 2260 χυμός
940 2165 1010 2240 rori
1022 2161 1216 2242 Μυιουίου

386 2271 587 2382 φιλόδωρος
605 2280 651 2357 oio
670 2285 760 2382 εἶρος

228 2370 298 2525 sile
317 2436 388 2509 hoc
407 2436 530 2511 modo:

724 2589 798 2672 πός
819 2586 865 2687 oio
883 2585 1104 2686 Ἰσχομάχου
1126 2580 1248 2687 rareio

229 2726 242 2771 ι
382 2707 452 2785 τοῦ
464 2705 656 2784 Μυκονίου
671 2704 872 2810 φιλόδωρος
888 2709 934 2785 cir
952 2712 1024 2810 οἴης
1031 2738 1047 2802 ,·

157 2776 228 2895 p

225 2864 300 2936 Sed
312 2873 427 2932 tamen
439 2862 519 2930 huic
535 2862 672 2952 quidem
691 2863 886 2956 fragmento
905 2864 979 2954 quis
994 2864 1122 2955 aliquid
1135 2863 1277 2950 tribuat,
1300 2864 1335 2934 in

226 2992 296 3059 quo
312 2990 424 3057 neque
437 2975 566 3035 constat
581 2966 626 3034 de
641 2976 770 3063 metro,
796 2977 831 3037 et
844 2968 1040 3058 relinquitur
1057 2968 1158 3053 illud,
1179 2977 1218 3034 ut
1232 2969 1273 3034 sit
1293 2990 1336 3037 ex

226 3073 358 3140 cantico
380 3071 639 3162 depromptum,
665 3070 700 3139 in
722 3093 791 3162 quo
810 3072 998 3143 trimetrum
1021 3079 1219 3163 sequeretur
1238 3072 1334 3140 clau-

225 3175 299 3243 sula
313 3174 541 3266 anapaestica:

391 3315 590 3422 φιλόδωρος
607 3310 747 3423 άυοῖης.

327 3476 421 3548 XIV.
483 3476 650 3560 Quartum
684 3475 874 3544 decimum
896 3475 1090 3568 exemplum
1122 3499 1144 3543 a
1175 3474 1332 3545 Dindor-

202 3573 269 3649 ‘fio
300 3579 428 3647 illatum
468 3588 519 3647 est
552 3581 743 3672 fragmento
775 3579 956 3648 Menandri
992 3577 1085 3673 apud
1118 3578 1333 3649 Athenaeum

221 3683 314 3752 Vlll.
346 3704 381 3775 p.
406 3680 491 3751 364.
517 3683 559 3751 Ε.
593 3685 653 3752 ubi
685 3685 713 3751 is
739 3683 834 3773 quod
865 3684 942 3751 libri
970 3681 1098 3749 habent
1131 3677 1271 3755 άοιλεῖυ
1297 3685 1332 3752 in

222 3784 269 3858 οἲυ
303 3789 395 3858 ἑλοῖι
429 3787 586 3874 mutavit,
629 3788 721 3855 cuius
756 3809 825 3879 ego
855 3781 1045 3859 mutationis
1079 3806 1230 3852 caussam
1261 3808 1331 3854 non

143 3907 146 3913 ·
220 3889 411 3980 perspicio,
442 3913 506 3959 nec
533 3891 633 3960 video
665 3891 749 3981 quid
780 3891 826 3959 ad
852 3889 1122 3959 emendationem
1149 3888 1330 3980 fragmenti

219 4015 289 4060 non
309 3992 428 4076 leviter
450 3994 601 4084 corrupti
634 3995 792 4063 conferat
846 3994 919 4063 Sed
945 4015 1072 4086 operae
1104 3992 1250 4082 pretium
1280 4001 1331 4060 est

219 4117 336 4163 versus
374 4095 468 4182 illoc,
507 4098 566 4187 qui
591 4097 725 4168 fuerunt
755 4097 790 4167 in
823 4099 959 4195 Μέθῃ,
999 4095 1185 4165 accuratius
1213 4095 1328 4165 consi-

220 4197 351 4271 derare.
936 4215 944 4238 ·

269 4333 391 4404 Hunn.
413 4334 573 4418 011.;1v.··
607 4398 643 4427 „¹
707 4435 717 4445 .,
850 4402 853 4407 ,
1024 4330 1119 4402 .Bb
1199 4397 1202 4403 ,
