2918 4890
552 295 638 356 Llli.
666 295 703 358 ll.
748 294 842 356 ctu.
864 300 894 361 4.
984 245 988 251 ι
1227 292 1271 354 ffl

154 495 225 555 nct.
276 487 355 554 Non
370 485 458 554 enim
472 486 519 554 illi
538 485 743 576 deliberant,
770 484 830 555 sed
844 507 917 555 nos.
969 481 1088 553 Omnis
1103 482 1191 552 enim
1206 483 1268 553 de-

154 591 312 658 liberatio
331 612 373 658 co
386 590 507 680 tendit,
537 600 574 657 ut
589 591 616 657 is
634 590 725 680 ipse,
752 590 810 678 qui
824 587 1005 673 deliberat,
1032 587 1145 679 capiat
1155 589 1268 657 consi-

154 695 250 764 lium.
303 683 371 778 Qui
392 693 420 762 si
446 695 527 761 alios
543 692 612 760 hoc
627 693 749 780 verbo,
776 714 844 783 quo
868 714 941 760 sese
961 690 1148 758 deliberare
1163 692 1268 783 signi-

154 798 249 885 ficat,
275 797 465 888 alloquitur,
489 805 618 864 tantum
634 797 731 865 abest
742 805 779 863 ut
799 818 856 863 eos
875 794 920 861 ad
935 791 1126 862 laciendum
1143 794 1268 862 exhor-

156 909 264 986 tetur,
290 909 328 967 ut
342 896 491 967 nondum
506 923 549 967 an
565 921 624 969 eos
644 899 811 967 exhortari
829 898 953 966 debeat
968 899 1031 966 sibi
1048 907 1200 966 constare
1214 898 1270 965 in·

157 1003 259 1074 dicet.
292 1002 364 1071 Fac
379 994 467 1071 enim
481 1004 644 1092 aliquem,
671 1002 729 1091 qui
742 1003 823 1070 alios
838 1002 887 1068 irc
900 1001 990 1085 velit,
1017 1001 1131 1069 dicere
1148 1003 1266 1072 ἴωσιν·

158 1105 243 1196 quid
258 1105 348 1173 dicct
368 1106 477 1192 aliud,
504 1129 626 1195 quam,
653 1127 725 1197 ego
748 1101 910 1173 delibero
933 1128 983 1172 an
1006 1103 1090 1172 illos
1111 1104 1268 1187 mittam,

156 1210 180 1276 i.
198 1232 227 1277 ο.
249 1209 402 1302 πέμψας
427 1210 474 1277 At
491 1231 573 1277 num
593 1211 639 1276 ita
661 1207 724 1275 hos
740 1208 870 1276 iusserit
890 1207 967 1275 ire?
992 1205 1144 1275 Minime.
1197 1206 1269 1275 sed

158 1311 206 1379 de
220 1334 256 1378 se
277 1312 353 1401 ipso
374 1313 402 1378 si
422 1311 503 1377 dicit
521 1314 583 1395 ἴω,
610 1318 667 1379 aut
690 1309 735 1378 de
755 1311 813 1396 iis,
840 1332 984 1399 quorum
1001 1310 1074 1400 ipse
1098 1328 1183 1376 unus
1207 1319 1270 1391 est,
1325 1301 1329 1312 ¹

157 1415 293 1504 ἴωμεν,
319 1422 413 1480 recte
429 1413 520 1480 dicet
540 1414 642 1500 illud,
669 1413 749 1500 quia
764 1414 797 1480 in
818 1413 921 1503 ipsius
936 1412 1106 1479 voluntate
1120 1413 1269 1503 positum

157 1524 229 1604 est,
257 1515 395 1604 exsequi
410 1515 463 1601 id,
491 1515 619 1604 dequo
637 1515 811 1583 deliberat
863 1517 985 1604 anue
1004 1536 1042 1581 re
1060 1515 1268 1602 factumest,

157 1626 196 1685 ut
212 1618 441 1686 coniunctivus
456 1619 513 1686 ille
530 1619 784 1704 deliberativas,
809 1618 868 1685 ubi
880 1618 1010 1709 primae
1026 1616 1193 1708 personae
1208 1626 1269 1704 est,

157 1721 204 1788 ita
229 1721 383 1812 usurpari
411 1723 535 1813 possit,
576 1731 613 1791 ut
635 1723 703 1790 vim
731 1721 1040 1790 habere'videatur
1060 1719 1269 1807 exhortandi,

158 1845 263 1914 quam
276 1847 395 1891 revera
416 1846 485 1892 non
499 1825 607 1894 inesse
620 1826 655 1892 in
669 1847 729 1909 eo,
756 1824 818 1892 sed
835 1826 977 1916 proprie
999 1823 1081 1891 nihil
1096 1825 1158 1892 nisi
1181 1824 1268 1892 deli-

156 1927 365 1994 berationem
386 1929 565 2013 contineri,
597 1928 681 1995 illud
708 1927 867 2014 ostendit,
893 1926 989 2016 quod
1010 1950 1114 2018 saepe
1142 1927 1269 1996 cohor-

156 2030 251 2097 tandi
275 2030 416 2099 verbum
442 2031 612 2100 adiicitur:
644 2039 682 2099 ut
709 2026 794 2126 φέρ’
818 2031 900 2116 ἴδω,
926 2038 960 2098 et
988 2029 1052 2097 alia
1075 2030 1268 2101 huiusmodi

157 2133 304 2226 plurima
317 2135 414 2269 ppud
422 2134 685 2228 Aristophanem
693 2134 853 2224 aliosque.
869 2132 1060 2202 Homerus:

210 2300 293 2380 ἀλλ’
311 2303 377 2399 ἄγε
394 2299 440 2402 δή
453 2300 503 2379 τοὶ
518 2299 894 2403 χρήματίοἱριθμήσω
911 2305 973 2379 καὶ
987 2307 1131 2398 ἴδωμαι.

209 2404 291 2483 ἀλλ’
305 2407 371 2503 ἅμα
386 2402 431 2507 δή
446 2411 606 2504 στέωμεν
621 2407 681 2482 καὶ
695 2405 932 2502 ἀλεξώμεσθα
945 2410 1127 2523 με’νοντες.

157 2579 201 2648 ld
220 2604 305 2674 ergo
328 2581 488 2650 omissum
508 2583 621 2674 potius
641 2580 849 2650 censendum
868 2590 936 2670 est,
961 2581 1021 2649 ubi
1036 2580 1125 2649 solus
1140 2583 1269 2673 positus

158 2693 210 2754 cst
226 2684 464 2772 coniunctivus,
491 2708 593 2776 quarn
605 2685 661 2753 hic
674 2686 843 2777 putandos
856 2708 975 2754 revera
990 2683 1187 2752 exhortandi
1201 2708 1270 2777 po-

157 2796 316 2857 testatem
346 2788 485 2857 habere.
537 2790 649 2858 Rarus
672 2789 729 2856 hic
751 2791 786 2855 in
805 2789 979 2882 singularis
1002 2789 1132 2855 numeri
1159 2790 1270 2881 prima

157 2915 307 2982 persona
323 2882 550 2961 c'oniunctivus
566 2902 635 2980 est,
661 2915 730 2961 uon
746 2890 863 2962 addito
881 2893 969 2991 φέρε
991 2898 1049 2960 aut
1070 2887 1144 2985 ἄγε.
1194 2892 1270 2963 Eu-

158 2993 284 3087 ripides
299 2996 437 3069 Heracl.
452 2990 539 3064 558.

211 3165 334 3260 capric
347 3159 518 3247 κελεύεις·
544 3159 598 3263 μή
614 3140 741 3263 τρέσῃς
756 3160 968 3262 μιάσματος

210 3264 356 3362 τούμοῦ
368 3274 586 3362 μετασχεῖν,
614 3265 696 3343 ἀλλ’
709 3271 907 3367 ἐλευθέρως
920 3263 1035 3343 θάνω.

59 3513 71 3523 ,,
158 3439 205 3508 Vt
225 3462 294 3508 non
315 3464 389 3511 csse
412 3442 582 3530 videatur,
611 3463 717 3530 quare
741 3440 913 3535 παρέλθω
935 3433 1070 3532 δόμους
1091 3439 1126 3507 in
1142 3439 1272 3510 Medea

158 3565 191 3612 v.
210 3540 322 3620 1215.
348 3567 427 3612 cum
449 3546 632 3630 Elmsleio,
659 3544 714 3612 coi
732 3544 760 3612 is
777 3551 827 3612 est
849 3567 880 3614 v.
902 3542 1014 3611 1242.
1032 3544 1272 3636 interrogativo

158 3645 286 3713 dictum
298 3657 448 3738 putetur.
498 3649 619 3717 Rarius
644 3649 761 3734 ctiam,
786 3646 904 3716 addito
920 3647 1058 3739 quidem
1070 3648 1179 3740 φέρε,
1206 3648 1272 3716 alia

157 3772 304 3841 persona
329 3751 364 3821 in
391 3752 524 3845 primae
549 3754 664 3821 locum
693 3751 916 3839 substituitur,
954 3759 992 3818 ut
1017 3749 1054 3818 in
1081 3749 1271 3822 Philocteta

157 3875 190 3921 v.
206 3851 294 3922 30⁰.
422 3886 425 3892 ·
811 3851 814 3855 ’

210 4019 318 4121 φέρ’,
345 4019 375 4096 oi
391 4020 539 4109 τέκνον,
566 4026 633 4125 νῦν
650 4025 711 4098 καὶ
726 4019 774 4100 cd
791 4025 855 4122 τῆς
868 4010 980 4123 νήσου
997 4019 1148 4122 μα’θῃςι.

116 4285 119 4288 .
159 4192 368 4266 correctoris
383 4206 434 4267 est
445 4191 549 4291 μάθε
569 4199 604 4266 in
617 4199 694 4267 cod.
709 4197 795 4266 Ven.
848 4195 973 4266 Sensus
986 4204 1036 4264 est
1050 4196 1155 4283 enim,
1183 4199 1271 4295 φέρε

160 4301 249 4373 εἶτα
264 4299 332 4374 νῦν
348 4295 399 4374 τοτ’
422 4301 486 4396 τῆς
508 4295 630 4397 νήσου.
658 4363 659 4366 ,
687 4301 868 4372 Caeterum
887 4309 985 4392 patet
1005 4298 1062 4367 bic
1081 4321 1159 4368 usus
1185 4325 1270 4370 con-
