2918 4890
239 282 304 344 tls
355 226 417 338 'tte
436 274 762 337 lNSClill’TlONlBVS
786 274 1012 348 Qvlevsutlu
1040 274 1213 339 uulnera.

241 467 354 538 sertim
376 488 480 557 quum
502 461 640 559 σίνααρί
661 488 727 534 nou
751 467 861 557 magis
891 461 982 561 oiapi
1007 466 1197 558 significare
1222 470 1351 560 possit,

241 593 344 664 quam
373 592 445 639 aaa
472 569 717 662 intempestiue
741 568 832 638 idem
860 592 934 637 ease
965 570 1058 659 quod
1085 570 1349 664 intempestive.

242 675 311 760 Qui
330 672 515 742 'accuratius
538 672 632 761 quod
650 673 683 740 in
704 672 820 763 lapide
843 673 1075 763 scriptumest
1096 677 1350 768 contemplatus

240 777 359 865 fuerit,
392 777 490 844 facile
517 775 758 844 animadvertet
785 777 932 865 aliquem
957 776 1013 844 hio
1033 779 1224 846 vocativum
1248 781 1350 870 posi-

240 893 312 950 tum
335 879 448 952 fuisse.
502 879 569 963 Qui
590 879 617 947 is
638 879 756 964 fuerit,
781 902 834 948 res
855 879 931 970 ipsa
951 878 1086 953 indicat.
1139 883 1218 949 Non
1237 885 1351 956 ΤΟΝ

240 984 474 1059 ΑΝΛΩΡΕ
505 983 668 1074 scriptum
693 982 821 1063 fumat,
853 982 914 1050 sed
943 985 1035 1056 ΊῸΙ
1062 984 1347 1059 ΠΑΝΛΩΡΕ.

236 1085 381 1183 Ἀωρας
405 1095 439 1153 et
467 1079 617 1182 σίαίριος,
657 1080 847 1182 πανσίωρος
869 1094 903 1153 et
939 1079 1144 1181 παναώρισς
1168 1111 1349 1179 peraeque

240 1191 380 1258 notatae
399 1189 529 1257 formae
552 1198 638 1260 sunt.
689 1191 802 1280 Atque
816 1211 920 1279 quum
941 1189 976 1256 in
993 1189 1103 1279 primo
1126 1189 1287 1279 disticho,
1318 1193 1349 1259 ai

240 1291 468 1388 μὲταχιίριαι
495 1292 685 1384 reponitur,
725 1315 793 1362 non
814 1293 922 1384 ipsam
950 1291 1044 1381 loqui
1070 1291 1265 1361 defunctam
1290 1295 1349 1362 vi-

242 1395 400 1482 deamus,
439 1394 506 1463 iam
538 1418 607 1463 non
637 1396 701 1463 erit
725 1394 932 1478 mirandum,
973 1395 1001 1462 si
1026 1395 1137 1486 ipsam
1163 1397 1349 1485 alloquitur

243 1499 335 1567 aliua.
389 1497 564 1588 Significat
589 1508 701 1566 autem
718 1492 907 1590 παισίωρος
930 1509 1143 1589 praemature
1165 1504 1348 1587 inortuam,

241 1601 452 1694 petitumque
477 1600 681 1668 vocabulum
715 1624 756 1669 ex
786 1600 940 1668 Homero
974 1600 1068 1672 iliad.
1098 1603 1222 1671 XXIV.
1255 1601 1348 1670 540.

242 1705 301 1772 ubi
315 1702 464 1772 Achillea
485 1725 579 1772 auam
594 1704 698 1797 ipsius
714 1713 858 1772 mortem
875 1705 911 1772 in
926 1712 1039 1774 mente
1058 1705 1208 1790 habeus,
1233 1707 1283 1774 sio
1299 1706 1349 1775 de

241 1815 339 1899 patre
355 1807 460 1874 Peleo
475 1805 573 1875 dicit:
725 1800 727 1805 ’

345 1954 497 2080 ἁλλ’,ἔνα
512 1961 625 2032 παῖδα
639 1958 740 2033 νίκαν
755 1952 981 2057 πανασίρισν·
1005 1955 1093 2034 otti
1103 1986 1146 2033 να
1162 1954 1228 2036 τόν
1240 1991 1284 2056 γι

342 2087 569 2160 μηρασκαντα
589 2060 731 2154 κομίζω.

243 2214 297 2282 Ex
320 2213 443 2283 eodem
461 2214 555 2282 fonte
571 2213 708 2285 Paullus
726 2215 932 2285 Silentiariue
954 2215 988 2284 in
1002 2215 1141 2289 Anthol.
1164 2215 1236 2287 Pal.
1257 2216 1305 2285 T
1320 2216 1348 2284 L

242 2335 279 2410 p.
293 2313 378 2385 165.
391 2341 423 2386 n.
439 2315 524 2385 264.

345 2467 406 2542 καί
422 2461 492 2564 μσίρ
505 2495 577 2542 σου
592 2463 781 2562 lariorum
798 2470 897 2568 ῥυτὶς
908 2465 1114 2567 παναώριος
1131 2470 1216 2569 ἤδη,

409 2569 469 2642 καί
484 2565 644 2669 λαμαρόν
659 2571 761 2669 δειρῇ
781 2575 896 2670 δέρμα
915 2575 1188 2671 περικρίμαται.

246 2722 326 2808 Quo
344 2721 379 2790 in
401 2724 558 2817 exemplo
579 2725 700 2794 Suidas
725 2747 846 2793 vocem
873 2727 963 2794 illam
986 2749 1050 2818 per
1072 2721 1146 2821 ιιρό
1170 2725 1264 2824 ὥρας
1285 2749 1348 2796 er-

244 2826 358 2919 plioat
411 2825 484 2895 lam
507 2851 592 2921 ergo
615 2829 777 2922 optimam
793 2828 957 2897 habemus
975 2831 1185 2915 sententiam
1210 2830 1347 2917 „modo

245 2927 413 3010 videbant,
430 2952 456 3013 ,o
471 2941 684 3023 praemature
699 2941 840 3020 mortua,
867 2932 1039 3001 absentem
1052 2956 1213 3025 sponsum
1229 2933 1347 3002 amari

217 3055 219 3059 ’
245 3036 506 3100 revertentem.“

358 3133 395 3202 V·
413 3133 448 3202 5.
469 3131 554 3224 (16)
576 3135 678 3209 ΚΑΙ
684 3098 982 3210 CYHMENAI.
1026 3130 1219 3206 Iacobaiao
1237 3159 1347 3230 quam

247 3236 459 3306 coniecisset
487 3239 739 3313 ΚΛΑΥΣΑῙ
761 3238 937 3328 ΜΕΓΑ,
978 3240 1067 3308 mihi
1101 3241 1257 3333 propias
1292 3241 1347 3309 ad

247 3340 394 3409 litterae
440 3360 519 3408 ease
559 3339 755 3411 videbatur
788 3344 1190 3426 ΚΛΙΣΙΗΜΕΝΑΙ,
1229 3341 1347 3438 κλισίῃ

247 3440 399 3538 ἥμεναι,
426 3442 553 3512 littera
568 3447 619 3516 H
629 3446 738 3514 amuel
756 3444 891 3513 omissa
898 3498 912 3532 ,
936 3446 983 3513 de
1005 3468 1074 3536 qao
1089 3470 1122 3519 a.
1138 3448 1192 3515 ad
1205 3469 1240 3513 a.
1259 3445 1347 3512 1⁰3.

247 3541 379 3640 ἥμεναι
395 3567 471 3637 pro
497 3543 630 3641 ἧσθαι,
665 3546 708 3616 ob
728 3556 902 3636 metram,
939 3549 996 3616 cai
1014 3550 1125 3618 etiam
1146 3542 1348 3643 τιθήμεναι

158 3728 160 3733 Ι
247 3656 283 3716 et
311 3647 445 3739 similer
466 3647 622 3742 formae
652 3648 777 3718 eteberi
802 3650 938 3720 monuit
965 3651 1151 3721 Matthiae
1178 3651 1346 3731 Gramm.

250 3749 392 3844 Τ.Ι.μ.
417 3750 486 3834 52;
514 3751 692 3842 siquidem
716 3753 891 3822 eiusmodi
915 3755 1151 3848 scripturae,
1179 3755 1239 3846 qui
1249 3752 1349 3846 sor-

248 3861 348 3924 tasse
371 3853 562 3923 Romanam
583 3852 682 3948 suit,
724 3856 771 3924 de
801 3856 914 3925 omnia
945 3859 1096 3950 generis
1123 3856 1350 3928 soloecismis

246 3955 512 4050 terrefacere,
539 3957 660 4028 iudice
673 3958 816 4051 lapide,
840 3960 958 4029 liceat.
1016 3962 1120 4058 Quae
1136 3961 1349 4029 coniectura

246 4057 476 4145 Iaoobeiam,
506 4084 614 4152 qaam
638 4062 715 4155 ipse
738 4084 876 4153 qaoque
886 4062 1007 4160 κλισίῃ
1028 4071 1151 4156 μεῖναι
1172 4063 1350 4132 coniecis-

247 4170 321 4250 aet,
348 4163 415 4230 aed
440 4160 483 4230 ob
504 4173 660 4233 metram
680 4165 884 4256 reiecisset,
915 4167 1079 4255 induxit,
1105 4177 1146 4237 at
1165 4189 1259 4236 auae
1277 4167 1350 4233 mi-

245 4265 341 4334 nim-e
354 4263 493 4335 dubitet
506 4266 704 4359 legendam
720 4290 798 4338 eoae
811 4268 943 4367 κλισίης
960 4272 1045 4365 ἔμιν
1061 4267 1350 4367 ναπιδακρῦσαιι
