2918 4890
265 267 330 330 lto
609 259 669 320 nu
700 255 973 320 Pnurrcvua
995 253 1041 323 ιλιι

266 475 336 524 non
357 441 403 520 ita
422 451 579 541 loquutos
602 448 761 539 putabat,
794 446 975 517 Simonidis
997 447 1053 516 vel
1077 448 1160 518 alius
1181 449 1278 541 lyrici
1304 474 1377 519 esse

265 549 505 649 suspicabatur.
558 552 739 645 Euripides
753 550 831 643 Iph.
847 553 890 623 T.
909 549 1019 620 1624.

323 696 402 783 ΟΡ.
429 680 468 780 cl
481 702 520 780 δ’
537 708 574 779 εἴ
580 734 629 798 με
642 705 720 799 ναῷ
735 705 827 799 τῷδε
841 698 1015 799 κρύψειας
1031 697 1174 828 λύθρρις
1231 760 1233 765 ,

318 816 387 886 ΙΦ.
428 808 473 891 nic
490 804 534 907 δή
550 803 678 889 σκότος
693 802 867 901 λαβόντες
882 806 1144 900 ἐκσωθεῖμεν’
1119 836 1186 880 αν·
1173 864 1184 900 ,
1225 811 1228 815 ’

265 961 563 1056 Demosthenesp.
586 960 649 1049 66,
674 960 734 1028 12.
761 957 884 1035 ἔπειθ’
898 957 1000 1053 ὑμεῖς
1020 967 1056 1034 οἱ
1077 956 1302 1058 καθήμενοι,
1333 989 1378 1042 ως

265 1057 1375 1188 μενονιιποιτεδικαισυςλσγουςκαιλεγοντοςαλλοιισανειητε

236 1173 419 1268 ,ἄμεινον
443 1169 627 1244 Φιλίππου
653 1163 945 1264 παρεσκεύασθε·
976 1195 1021 1248 ως
1047 1168 1086 1242 δὲ
1110 1162 1307 1241 κωλύσαιτ’
1331 1167 1378 1240 ἄν

268 1282 403 1352 ἑκεινον
415 1267 594 1370 πράττειν
609 1272 730 1344 ταῦτα
745 1267 808 1366 ἐφ
823 1267 872 1344 ὧν
888 1269 964 1344 ἐστὶ
975 1299 1049 1350 νον,
1066 1267 1285 1351 παντελῶς
1261 1271 1378 1367 αργῶς

267 1382 376 1471 ἔχειν.
430 1377 545 1444 Variat
561 1376 608 1444 ibi
631 1376 814 1469 scriptura,
840 1376 910 1443 aliis
927 1375 1074 1443 libris
1036 1401 1158 1471 ειπητι
1178 1383 1213 1442 et
1233 1375 1378 1470 σανίητε

266 1485 322 1553 vel
353 1479 513 1555 noviom
545 1479 786 1548 exhibentibus.
839 1479 946 1547 Nimis
976 1479 1124 1548 breviter
1155 1477 1376 1547 Schaeferus:

267 1582 470 1677 „concinam
497 1591 535 1649 ut
556 1583 754 1674 oportebat,
780 1581 1001 1650 Bekkerus.“
1053 1583 1134 1674 Ego
1155 1581 1293 1671 quidem
1318 1605 1377 1649 cur

266 1691 302 1758 in
322 1689 437 1781 priore
453 1686 609 1754 membro
629 1684 787 1753 orationis
810 1686 950 1776 optativi
961 1686 1064 1776 positi
1085 1686 1167 1771 sint,
1193 1686 1302 1754 fateor
1320 1707 1377 1752 me

267 1816 335 1862 non
360 1791 567 1884 perspicere.
619 1789 658 1856 ln
680 1789 786 1856 altero
807 1797 919 1856 autem
942 1791 1097 1857 membro
1120 1797 1155 1857 et
1175 1813 1229 1857 res
1245 1790 1321 1880 ipsa
1343 1797 1378 1856 et

268 1895 445 1971 collocatio
461 1893 647 1985 particulae
666 1892 854 1983 optativum
869 1899 998 1965 tuetur.
1045 1890 1140 1960 Male
1159 1893 1290 1960 veroin
1309 1890 1377 1960 So-

252 1979 400 2092 phoclis
418 1999 609 2090 fragmento
627 1995 722 2087 apud
732 1995 919 2064 Stobaeurir
933 1996 1043 2064 Serm
1057 1995 1132 2064 XL.
1149 1993 1184 2063 6.
1198 1996 1342 2088 legitur:

369 2145 423 2248 μή
439 2178 506 2243 μοι
520 2153 700 2271 κρυφαῖον
712 2147 825 2246 μηδεν
840 2148 1009 2246 ἐξείπῃς
988 2173 1090 2230 επος·

298 2258 301 2265 ’
370 2259 542 2374 κλεῖθρον
558 2246 627 2348 γοῖρ
644 2248 765 2324 οὐδέν
780 2279 846 2341 ως
853 2249 929 2326 6
905 2281 950 2325 αν
966 2252 1109 2332 ευπετες
1122 2244 1265 2346 λαβοις,

372 2349 527 2452 γλώσσης
542 2380 722 2459 κροφαιον
739 2350 842 2427 ούδεν
858 2383 901 2428 ου
893 2351 1107 2452 ’διέρχεταα

268 2510 387 2582 Scribe
407 2502 552 2588 ωςιλ’
527 2532 574 2577 αν
594 2499 755 2598 ιύστερες
777 2500 905 2604 λάβῃς,
933 2507 1230 2603 quamnesfacile
1255 2507 1378 2577 celata

265 2611 464 2713 occeperis.

711 2856 917 2869 Ἣ..-

472 3052 724 3140 LIBER
775 3054 1167 3141 QVARTVS.

808 3227 835 3300 1.

369 3376 455 3449 De
506 3378 577 3453 οἲν
628 3403 763 3451 cnm
813 3381 1271 3475 imperativo.

265 3517 482 3622 Dubitatnm
500 3562 569 3640 est,
596 3576 639 3620 an
655 3553 755 3620 etiam
769 3553 996 3676 imperativo
983 3553 1078 3646 rnngi
1091 3549 1241 3645 possit''
1215 3579 1271 3624 αν
1323 3551 1376 3620 Ac

265 3759 485 3848 Βοσλίοἰοε,
487 3760 541 3836 cui
564 3757 719 3827 modeste
742 3759 939 3826 contradixit
956 3760 1151 3850 Lennepius
1173 3759 1218 3827 ad
1240 3759 1375 3826 Phalar.

265 3885 301 3954 p.
326 3862 412 3930 616.
465 3863 536 3932 Nisi
559 3863 698 3955 egregie
724 3861 841 3948 fallor,
868 3862 988 3929 accidit
1010 3862 1129 3930 criticis
1151 3862 1206 3930 hic
1227 3885 1375 3952 qnoque,

113 3974 117 3981 '
190 3963 208 3998 ³
243 3958 363 4055 ·quod
378 3988 491 4057 saepe,
513 3966 716 4034 ntvidereut
731 3987 859 4046 rernm,
886 3964 947 4032 sed
962 3987 1003 4032 eo
1021 3955 1068 4033 nti
1084 3967 1259 4034 nescirent
1286 3967 1376 4032 Nam

265 4078 434 4160 repugnat
455 4093 555 4159 sane,
582 4092 660 4137 cum
681 4069 899 4159 imperativo,
920 4090 978 4157 qur
967 4067 1116 4138 modus
1132 4069 1251 4137 verbi
1241 4077 1289 4136 rta
1311 4067 1374 4135 de-

265 4172 377 4240 finitus
394 4181 455 4258 est,
471 4181 591 4240 utnon
605 4172 759 4240 rideatur
772 4170 999 4239 conditionem
1013 4194 1115 4263 posse
1128 4173 1375 4264 adsignificare,

264 4276 465 4366 particulam
482 4275 738 4344 conditionalem
753 4273 799 4350 ἄν
813 4275 969 4369 construi.
1021 4275 1150 4356 Verum
1168 4285 1298 4344 temere
1321 4283 1375 4341 ta-
