2918 4890
473 290 479 297 ·
569 262 877 333 conveni
1186 225 1280 346 Aa
1398 267 1402 275 ·

218 455 254 528 εἰ
265 455 367 528 τοῖαι
383 446 557 548 γεγάασιν
574 455 613 528 ίν
628 447 831 552 Ἀργείοισι
846 461 1016 548 ruminae.
1140 553 1146 562 ,

166 611 256 678 Nam
276 606 372 698 quod
393 606 438 675 de
457 605 620 677 Menelao
637 606 871 698 interpositum
890 619 959 697 est,
984 634 1096 703 neque
1116 618 1277 691 cohaeret

167 734 245 779 curn
258 711 388 800 reliqua
400 710 563 800 oratioue,
589 734 701 801 neque
716 711 816 780 decet
829 713 998 788 Paridem.
1049 712 1114 786 Est
1128 721 1183 790 ille
1197 747 1276 793 ver-

166 837 238 898 sus,
266 815 294 882 ei
321 814 405 903 quid
423 813 542 901 video,
568 813 722 883 Helenae
744 815 959 914 tribuendus,
986 819 1079 888 cuius
1101 827 1209 894 oratio
1233 850 1275 896 eo

164 916 394 986 additamento
411 925 510 984 aucta
525 918 627 1009 plane
641 917 826 1010 respondet
834 918 964 988 Parrdrs
975 923 1124 1014 orationi,
1139 952 1172 997 v
1187 927 1274 1000 312
1296 934 1314 983 ι

217 1071 320 1164 ἔγρεο
336 1050 420 1154 νιλν,
448 1049 712 1167 Σπάρτηθεν
693 1097 751 1144 cm
743 1068 905 1171 Τροίην
921 1100 970 1165 με
984 1067 1169 1165 κόμισσον

209 1177 375 1267 ἕψομαι,
404 1199 449 1252 ως
465 1174 656 1267 Κυθέρεια
670 1166 797 1266 νοίμον
811 1174 981 1268 βασίλεια
995 1175 1142 1258 κελεύει.

216 1271 420 1393 ουσρομέω
438 1273 701 1366 Mordiacus
678 1272 738 1349 ον’
755 1274 801 1348 civ
808 1276 933 1407 Τροίη
954 1276 1140 1382 μινοήοη.

215 1373 329 1452 οἶσθα
343 1403 414 1501 γαρ
430 1375 476 1458 u‘c
494 1368 685 1459 Μενέλαος
699 1372 924 1462 ανοίλιιδόι’
905 1407 984 1455 accc
1002 1390 1180 1489 γενέθλης.

265 1531 308 1604 V.
324 1529 410 1600 316.
424 1530 656 1602 scribendum
669 1540 777 1625 puto.
1008 1627 1009 1631 η
1239 1534 1246 1538 ⁴*
1270 1558 1318 1628 21

214 1632 277 1769 ναξ
294 1685 332 1759 δὲ
344 1678 465 1759 πόνων
483 1683 666 1779 ἄμπαυμα
679 1712 753 1780 μιν
759 1681 919 1784 ’ἠελίοιο
934 1681 1130 1772 ariadnam

212 1785 326 1862 ὕπνον
345 1787 586 1886 ἐλαφρίζουσα
604 1781 793 1887 παρήορον
810 1787 953 1864 oiuooar
971 1787 1034 1888 ηόῑ

211 1920 235 1964 α
261 1893 406 1989 χυμένη

158 1919 312 2099 Heldirae
328 2029 532 2098 scrlrcetnox
547 2027 781 2097 subarratam
797 2026 892 2098 dedit
904 2050 1059 2099 somnum
1072 2031 1268 2123 inquietum.

157 2132 213 2202 De
234 2156 320 2203 voce
339 2133 398 2200 illa
424 2128 632 2227 παρῄορον,
666 2154 770 2221 quam
792 2132 950 2224 praetulit
972 2135 1073 2202 etiam
1099 2137 1300 2230 Gradiue,
1396 2166 1398 2170 ·

64 2299 67 2306 .
157 2235 323 2306 videndus
339 2234 530 2303 Wernikius
551 2233 596 2301 ad
611 2234 805 2326 Tryphiod.
820 2233 907 2303 371.

260 2338 302 2409 V.
330 2335 415 2408 ala.
448 2336 674 2406 scribendum
698 2361 772 2406 esse
798 2329 999 2431 ιιιροίωνδ
1030 2334 1265 2436 απιλσίμιιιτο

81 2482 83 2486 »
157 2434 309 2535 κόσμος,
342 2441 563 2510 Homericum
583 2440 670 2509 illud
699 2432 863 2536 xcioccd'
887 2435 1123 2566 α’σιλοίμιιιιο
1151 2443 1267 2546 σολλή

157 2545 313 2720 ostemllt
328 2643 414 2720 337.
441 2644 664 2734 8οιί1ισ,”ιτι
682 2641 858 2719 νλαίοοσα
881 2635 1054 2741 νοοήσιιι
1107 2647 1265 2744 Arguunt

155 2751 338 2845 sequentia.

259 2855 302 2930 V.
319 2851 406 2922 34⁰.
426 2859 520 2921 recte
534 2843 713 2948 librili'
663 2872 778 2942 σαχαι
767 2847 859 2920 red
874 2869 961 2940 quae
975 2870 1056 2918 mox
1069 2863 1263 2943 sequuntur,
1369 2841 1379 2859 ⁰

655 2983 714 3059 ναί
728 2990 763 3067 ἐι
778 2984 938 3080 λιηααῖνα
951 2989 1117 3080 μολοῦσα

208 3086 335 3190 ωροίων
355 3085 606 3190 δροσόεντος
582 3087 674 3188 νπὲρ
690 3087 831 3163 πεδίοιο
849 3081 1007 3162 θαοίσσιι
1016 3143 1031 3179 ,

157 3244 185 3315 si
199 3245 332 3338 integra
346 3251 467 3331 essent,
492 3266 562 3312 uon
573 3249 715 3336 possent
730 3241 792 3310 nisi
806 3240 850 3310 de
867 3243 995 3312 celebri
1002 3244 1152 3334 quodam
1167 3245 1261 3336 apud
1367 3214 1384 3314 l,

156 3349 341 3441 Spartanos
367 3355 469 3438 prato
496 3347 668 3415 Horarum
689 3345 818 3440 accipi.
866 3346 921 3414 De
948 3369 990 3414 eo
1016 3348 1099 3415 mihi
1121 3348 1260 3438 quidem

155 3451 238 3520 nihil
251 3453 396 3536 lectum,
422 3472 533 3538 neque
552 3449 702 3517 auditum
716 3448 839 3540 opinor
858 3447 1024 3538 Colutho,
1050 3449 1142 3544 apud
1157 3473 1259 3574 quem
1293 3505 1296 3510 .

155 3578 261 3646 quum
286 3551 493 3646 respondeat
515 3551 721 3640 Hermiona,
754 3547 838 3625 οἶδα
861 3541 1096 3634 naiadncoc'
1078 3581 1112 3634 ac
1135 3548 1257 3668 ρόδον,

155 3663 190 3739 ἐς
213 3656 389 3751 λιιμωνα,
417 3653 578 3724 credibile
597 3663 648 3724 est
665 3653 827 3724 excidisse
847 3677 999 3743 versum,
1023 3656 1057 3724 in
1077 3679 1146 3746 quo
1166 3661 1259 3724 rose-

21 3756 27 3765 ’
154 3769 226 3830 tum
255 3761 310 3830 vel
339 3782 455 3846 rosae,
490 3767 722 3828 oruamentum
749 3758 939 3846 Horarum,
977 3769 1258 3830 commemoratae

154 3865 286 3934 fuerint
338 3864 532 3954 Sequuntur
548 3861 585 3932 hi
600 3879 731 3933 versus:

204 3999 229 4099 ἢ
244 3993 337 4097 χρόα
355 3991 542 4123 πατρῴοιο
555 4000 776 4122 λοεσσαμένη
789 4023 987 4091 ποταμοιο,

206 4103 341 4200 ᾤχετο,
368 4095 664 4198 ναίδήθυνιναιι
670 4093 874 4210 Ενρολταο
892 4100 1068 4196 ῥείθροις.
1192 4138 1196 4144 ·

153 4258 323 4352 Apertum
336 4263 388 4324 est
401 4253 501 4323 scribi
515 4253 641 4326 debere
655 4255 884 4352 λοεσσομένη
911 4250 983 4324 Sed
995 4204 1143 4324 inaltero
1155 4273 1255 4323 versu

66 4406 68 4409 ’
203 4376 325 4451 Hiram
351 4372 418 4450 Or.
438 4373 495 4448 lV.
602 4463 605 4469 Ι
1016 4372 1045 4440 P
