2918 4890
195 299 260 366 884
469 289 522 355 uu
538 286 724 355 mavul
740 288 965 369 wmvsovu
984 287 1034 360 ἄν.

306 494 309 500 ⁴
349 484 462 570 ἔξωθε
478 478 513 558 δ’
529 481 612 559 aino
626 477 680 578 τῷ
695 480 848 578 φδροκτι
862 482 1072 579 μέμψεται,

352 602 490 680 ποκκοδ
504 601 715 701 κροτησμοῦ
728 595 949 696 τογχδκοοο’
960 597 1035 679 dud
1048 597 1208 700 ordiar,

352 723 452 801 denir
471 715 676 798 δελδκτοκ·
701 720 749 795 ‘dr
764 714 1012 820 diptadoacp’
1025 717 1102 820 troi.

299 880 376 953 llll.
417 876 541 970 (xil.)
573 875 723 946 Alexidis
747 875 976 969 fragmentum
1006 885 1056 948 est
1078 878 1174 973 apud
1198 879 1322 952 Atbe·

199 1009 321 1060 naeum
332 986 376 1054 X.
399 1002 434 1074 p.
448 980 536 1054 422.
555 982 597 1051 A.
612 979 655 1050 Β.
676 979 770 1049 cuius
789 989 922 1074 partem
935 981 1015 1052 iude
1028 985 1164 1076 repetiit
1179 982 1320 1058 Eusta-

197 1094 286 1163 tblus
303 1113 340 1183 p.
354 1083 473 1176 1837,
499 1083 559 1155 20.

568 1213 709 1315 μα’δοις
726 1215 762 1295 δ’
777 1218 823 1294 ἂν
837 1217 918 1296 οἷον
934 1215 1145 1319 ἀνθρώποις
1160 1217 1288 1299 nands

352 1337 504 1440 ἔστιοὴ
537 1338 695 1441 γαστήρ,
736 1334 899 1519 ἔρδρῖοκοι
934 1337 970 1416 δ’
1001 1337 1073 1435 οἷ’,
1111 1338 1325 1439 ἀναγκάζοι

786 1471 865 1518 oon.

353 1548 391 1623 εἴ
403 1574 458 1630 τις
473 1542 605 1645 dodim
623 1542 731 1621 τοῦτ’
746 1543 813 1671 ἄρ’
828 1544 931 1644 ἡμῶν
952 1541 1000 1622 τδ
1018 1547 1130 1648 μέρος
1143 1541 1231 1628 clud
1247 1548 1326 1625 τοῦ

737 1675 922 1743 σωματος,

353 1764 436 1845 οὐδ’
466 1766 513 1842 dr
545 1763 703 1843 ἀδικοῖτ’
726 1765 832 1899 opalis
853 1763 986 1893 'caldeis
1021 1762 1111 1846 οὔδ’
1130 1766 1324 1871 δβρι’ζοιτ’

734 1901 780 1946 αν
795 1899 895 1946 suos.

352 1975 419 2053 οὔκ
440 1973 479 2050 δὲ
494 1967 556 2050 διδ
570 1966 709 2067 ταύτην
724 1971 872 2050 ἅπαντα
893 1970 1056 2070 γίγνεται
1073 1968 1122 2049 ad
1142 1979 1323 2078 δυσχερῆ.

197 2133 257 2206 Sic
279 2154 395 2202 versus
421 2131 495 2217 ille,
522 2129 631 2198 -cuius
656 2151 813 2198 mensura
840 2129 989 2217 laborat,
1022 2136 1057 2198 et
1078 2129 1176 2222 apud
1199 2131 1323 2202 Athe·

197 2260 322 2308 naenm
351 2244 386 2304 et
406 2231 500 2326 apud
522 2232 734 2300 Eustathium
756 2233 898 2325 scriptus
921 2240 989 2319 est,
1023 2254 1102 2302 uec.
1116 2233 1321 2326 quidquam

197 2349 343 2412 variatur
361 2339 423 2407 nisi
440 2329 548 2426 quod'
556 2335 798 2405 Laurentianus
823 2336 866 2405 Β.
895 2331 1011 2416 οὐδεὶς
1029 2334 1162 2410 omittit.
1221 2338 1321 2409 σοι.

198 2447 314 2538 rigunt
330 2443 364 2510 in
384 2441 499 2532 priore
522 2448 621 2531 parte
644 2435 728 2512 οὔτ’
742 2437 798 2513 ἄν.
857 2439 897 2507 ln
919 2439 1025 2506 altera
1045 2438 1260 2529 Diudorlio,
1292 2444 1321 2514 si

61 2600 63 2604 .
199 2547 283 2639 qnid
303 2543 501 2613 mutandum
525 2550 631 2628 esset,
661 2537 751 2615 οὔθ’
765 2537 945 2639 δβρδζοιτ’
959 2536 1015 2616 ἔτ’
1040 2540 1086 2615 ἄν
1107 2537 1200 2616 inci»
1225 2548 1320 2618 scri·

197 2649 350 2722 bendum
371 2647 557 2716 videbatur.
610 2645 716 2730 Quod
735 2667 840 2734 quum
859 2654 972 2713 tumen
990 2667 1111 2737 parum
1131 2646 1318 2740 elegantes

199 2775 356 2825 numeros
382 2750 563 2843 praebeat,
594 2750 769 2839 oratioque
793 2749 827 2816 in
855 2749 1016 2816 librorum
1040 2749 1216 2840 scriptura
1244 2763 1324 2822 taur

198 2859 303 2952 plana
320 2877 361 2923 ac
383 2853 487 2922 nitida
510 2853 569 2942 sit,
598 2861 721 2921 utnon
742 2860 922 2944 appareat,
948 2850 1031 2942 quid
1053 2851 1088 2919 in
1105 2853 1174 2921 vitii
1194 2858 1318 2950 nuspi-

199 2962 332 3034 cionem
357 2957 480 3025 adduci
508 2955 632 3049 possit,
671 2955 740 3023 boc
765 2955 960 3047 exemplum
982 2955 1130 3051 omnium
1158 2960 1318 3030 maxime

197 3066 306 3135 visum
325 3068 376 3130 est
397 3082 502 3150 quum
522 3058 791 3127 emendationem
807 3081 942 3127 omnem
960 3081 1092 3146 arcere,
1122 3067 1201 3129 tum
1226 3086 1317 3156 prc-

199 3167 393 3236 ductionem
412 3162 549 3230 firmare
566 3162 761 3252 particulae.
812 3161 885 3230 Sed
905 3161 1063 3230 tamensi
1085 3163 1235 3234 omnino
1262 3168 1318 3238 in-

200 3269 362 3339 credibile
391 3275 441 3334 est
469 3287 632 3354 umquam
665 3264 872 3358 productum
902 3286 976 3333 esse
1004 3261 1069 3354 ἄν,
1111 3287 1180 3357 per
1221 3269 1318 3340 bunc

187 3360 355 3467 ‘prolecto
382 3391 517 3438 versum
543 3368 647 3436 nihilo
675 3369 735 3436 fiet
757 3366 960 3440 credibilius.
1021 3366 1144 3436 Veniat
1162 3369 1320 3445 fortasse

171 3504 172 3508 ¹
200 3475 345 3568 cuipiam
359 3473 394 3540 in
406 3480 570 3562 mentem,
595 3493 664 3540 non
677 3494 815 3563 prorsus
830 3468 1189 3563 negligeudnmbesse,
1220 3478 1321 3568 quod
1338 3471 1357 3514 ‘⁹

199 3579 324 3648 libriin
342 3576 508 3668 principio
523 3573 650 3643 babent
670 3571 758 3647 οὐδέ
763 3604 774 3641 .·
800 3597 877 3642 nam
892 3581 1098 3666 permutatas
1116 3597 1199 3646 esse
1215 3582 1320 3652 sedes

197 3681 428 3774 negationum,
455 3701 627 3768 quumque
642 3678 778 3770 gravius
796 3677 838 3744 sit
852 3674 1078 3771 ὑβρίζεσθαι,
1097 3699 1214 3768 quam
1235 3680 1323 3760 οἱδι-

198 3789 361 3872 acicam,
383 3782 429 3850 sic
443 3781 556 3873 potins
573 3782 720 3850 scribere
734 3779 891 3849 debuisse
905 3778 1074 3849 librarios:

353 3929 435 4009 οὔτ’
453 3931 500 4009 ds
529 3928 688 4008 ἀδικοῖτ’
712 3929 818 4007 οὐδὲν
852 3928 987 4057 οὐδείς,
1029 3926 1324 4038 οδδ’δβρδζοιτ’
1391 3914 1399 3941 ’

733 4035 778 4109 οἷο
794 4031 943 4132 γ’ἑκωκ.
994 4079 996 4084 ·

196 4194 323 4264 Verum
347 4191 429 4277 alia,
468 4214 575 4281 eaque
609 4189 780 4281 aliquanto
812 4190 945 4282 planior
971 4197 1066 4280 patet
1098 4197 1325 4270 emendandi

197 4299 259 4368 via.
310 4298 399 4365 Nam
420 4297 477 4386 qui
500 4295 704 4385 meminerit,
738 4316 842 4388 saepe
862 4294 1032 4378 librarios,
1061 4281 1325 4385 quod'nemini
