2918 4890
170 280 235 346 aro
442 277 492 339 uu
514 234 946 350 ususvns‘vnuvsovu
965 295 1012 338 αι.

276 465 355 551 ὄξος
383 464 430 540 oio
459 460 617 563 αἰτήσω,
648 459 756 549 τόξον
783 465 901 563 φέροι·
945 457 991 536 (ἰν
1013 461 1055 536 δέ
1080 489 1124 556 γε
1155 453 1294 551 τόξον,

381 582 469 670 ὅξος.

172 739 304 811 Siccine
335 761 417 807 vero
450 741 621 833 scripsisse
651 749 790 833 poetam
815 740 915 809 istum
948 735 1152 806 credamus?
1211 731 1295 804 Ad-

172 844 313 912 ducatnr
337 843 477 911 forsitan
501 845 635 934 aliquis,
668 845 695 913 si
729 867 808 913 eum
839 841 952 913 videat
981 841 1090 911 vocali
1116 845 1297 930 sequente

172 944 217 1042 ἢν
236 946 349 1035 dicere
375 969 405 1014 v.
426 946 462 1019 3.

276 1097 320 1196 ἤν
345 1094 439 1195 αὐτῇ
461 1094 594 1196 coporis
618 1094 778 1183 όπαλοός
800 1101 957 1193 εἴπωμεν
979 1095 1142 1190 ἰνίγιιαι,
1205 1112 1210 1120 ·

173 1259 207 1322 et
232 1254 340 1346 magis
360 1253 480 1340 etiam,
507 1253 533 1319 si
553 1253 740 1324 consideret
760 1255 845 1344 hoo,
872 1276 903 1324 v.
923 1249 960 1320 7.
1063 1267 1065 1273 ·

218 1490 224 1499 ,
276 1402 320 1492 ἢν
363 1397 456 1477 ὀπόν
497 1399 651 1502 αἰτήσω,
694 1402 802 1482 δοκόν
844 1406 1015 1502 τίτφέριι·
1058 1398 1126 1490 οἶν,
1164 1393 1301 1492 λοίχα-

798 1517 864 1598 νόν
882 1550 969 1616 μοι,
1094 1536 1100 1544 ’

384 1641 490 1726 εἴπω,
517 1635 594 1727 δός,
620 1642 775 1732 πεινῶν,
802 1637 896 1717 aiod
920 1641 1025 1739 φόρει
1050 1633 1235 1714 λόοανον.

175 1808 222 1879 Ac
235 1808 303 1883 hoc
318 1811 455 1900 quidem
469 1813 503 1879 iri
518 1811 661 1880 disticho
677 1812 787 1882 codex
802 1811 847 1886 οἰν
861 1806 954 1886 ότιόν
972 1805 1129 1909 αἰτήσω,
1160 1821 1206 1880 ut
1220 1812 1306 1904 ipse

106 1918 111 1923 ’
175 1935 212 1981 se
232 1923 352 2004 poeta,
382 1915 409 1982 si
429 1917 643 2008 corripuisset
660 1914 705 1988 οἰν
726 1917 760 1983 in
783 1938 883 1984 versu
901 1917 963 2006 ,qui
986 1915 1154 2005 sequitur,
1196 1915 1306 1983 refu-

175 2024 262 2084 tasse
284 2016 447 2087 videatur.
511 2019 627 2104 Quare
651 2018 735 2108 quid
764 2019 1008 2104 dubitabimus,
1044 2017 1125 2108 quin
1148 2018 1307 2104 librarii,

167 2141 244 2307 plen
258 2129 383 2213 poetae
404 2121 466 2192 ista
481 2123 648 2214 scriptura
665 2122 731 2192 sit?
783 2121 997 2218 Corrigenda
1015 2144 1073 2210 ea,
1093 2120 1161 2214 nisi
1179 2120 1309 2213 failor,
1400 2160 1404 2173 .

156 2252 165 2265 ⁴
203 2243 245 2292 oc
255 2224 380 2295 modos
1134 2246 1138 2253 ’

281 2376 360 2463 ὄξος
387 2370 452 2451 ἰοίν
481 2375 592 2466 αἰτοῖ,
633 2371 748 2461 τόξον
772 2378 893 2478 φόρει·
932 2377 979 2453 ἄν
1012 2376 1052 2454 dd
1085 2369 1133 2452 τό
1165 2370 1309 2471 τόξον,

387 2493 477 2578 ὄξος.

107 2679 110 2688 ’
178 2653 277 2721 Patet
292 2650 400 2738 aizoi,
426 2653 518 2721 utin
540 2675 681 2742 requae
701 2651 885 2743 quotidiani
902 2673 981 2719 usus
995 2659 1065 2740 est,
1090 2658 1192 2720 recte
1217 2652 1309 2723 dici.

178 2755 311 2824 Deinde
327 2756 435 2824 codex
449 2754 494 2827 οἰν
509 2756 547 2829 δὲ
565 2750 682 2839 τόξον.
734 2757 834 2823 Βοιιο
850 2778 934 2847 ergo
947 2755 1019 2822 iure
1033 2753 1193 2823 videmur
1209 2779 1312 2825 con-

179 2858 346 2943 tendisse,
380 2859 525 2950 produci
551 2859 596 2931 οἰν
623 2858 718 2948 quod
746 2880 789 2926 ex
818 2851 881 2931 ἑοίν
904 2859 1032 2925 factum
1060 2865 1118 2928 est.
1185 2859 1313 2944 Quod

180 2962 379 3051 quominus
404 2963 476 3052 quis
500 2985 567 3028 nno
595 2963 744 3029 alterove
772 2969 932 3052 corrupto
956 2983 1055 3029 versu
1083 2961 1312 3054 impugnare

181 3065 418 3157 aggrediatur,
458 3065 585 3154 aliquot
614 3067 727 3157 placet
760 3063 917 3155 producti
952 3065 1109 3157 exempla
1153 3064 1312 3137 afferre.

180 3167 235 3235 Ex
256 3168 454 3260 fragmentis
474 3167 569 3258 apud
588 3169 800 3236 Athenaeum
820 3167 907 3235 haec
926 3168 1055 3236 notavi:
1080 3191 1117 3259 p.
1133 3165 1234 3240 100.
1262 3171 1312 3239 1).

181 3268 270 3343 119.
289 3272 331 3339 Ε.
370 3269 457 3343 218.
480 3271 521 3341 Β.
562 3269 647 3339 292.
672 3270 712 3339 O.
748 3265 903 3342 39511.
940 3269 1028 3345 336,
1053 3269 1093 3339 C.
1132 3268 1234 3340 339.
1263 3277 1312 3343 A.

183 3371 269 3442 att.
292 3374 335 3442 A.
373 3373 432 3445 XI.
458 3372 545 3441 781.
569 3374 608 3442 F.
661 3372 747 3444 782.
774 3373 817 3442 1).
859 3371 1056 3463 [ploro.
1085 3371 1207 3444 1938.
1250 3377 1313 3448 ed.

73 3482 78 3500 '
182 3476 362 3567 Dindorf.)
395 3473 482 3546 519.
506 3479 549 3550 A.
602 3473 689 3544 595.
714 3475 754 3545 C.
816 3475 922 3566 Apud
956 3477 1144 3545 Stobaenm
1177 3489 1316 3550 autem

183 3579 243 3652 ΙΙΙ.
260 3579 294 3650 Ἰ.
320 3580 361 3649 V.
377 3579 437 3650 11.
462 3580 521 3647 IX.
536 3578 571 3648 9.
597 3581 689 3648 ΧΙΧ.
706 3578 739 3649 2.
773 3580 884 3652 XXII.
899 3578 959 3648 19.
980 3578 1039 3650 26.
1064 3575 1177 3648 XXX.
1197 3582 1244 3671 4,
1274 3584 1314 3660 1.

183 3681 324 3752 XXXV.
341 3683 376 3755 i.
410 3682 518 3755 LXII.
533 3681 592 3749 28.
624 3683 779 3751 LXXVI.
796 3680 831 3753 1.
869 3681 991 3750 CXIII.
1007 3681 1074 3770 1⁰,
1094 3680 1132 3756 3.
1168 3682 1315 3758 CXVI.

184 3781 252 3869 35,
279 3785 313 3854 2.
367 3784 489 3855 CXXI.
504 3785 570 3858 13.
598 3795 632 3856 et
655 3787 690 3852 in
712 3784 914 3879 Appendicc
941 3785 1034 3878 apud
1056 3784 1319 3864 Gaisfordium

184 3889 251 3960 vol.
275 3889 332 3956 IV.
357 3888 416 3958 29.
470 3889 721 3981 Reponendum
742 3887 787 3958 οἰν
810 3912 875 3978 pro
895 3883 960 3963 ἰοίν
985 3887 1073 3959 cvl.
1097 3885 1144 3979 8,
1171 3890 1250 3966 14.
1280 3897 1319 3970 in

185 3991 367 4060 Menandri
388 4015 485 4059 versu
505 3992 831 4090 Θεοφοροομίνοοε

288 4159 480 4256 ἄνθρωπος
497 4162 541 4236 civ
556 4159 579 4258 ᾔ
597 4158 767 4264 χρηστός,
791 4158 954 4259 εὐγενής,
982 4157 1140 4259 σφόδρα.
