2918 4890
284 418 349 483 128
631 418 688 481 DE
719 415 988 479 Pla'rlcvul
1010 413 1056 481 dv

289 630 400 703 quum
409 606 539 705 filium
550 628 669 677 meum
682 605 818 691 Ιισθοσς
843 619 910 696 aut,
936 612 964 678 si
979 608 1225 705 coniunctivus,
1248 609 1393 677 interro-

288 713 400 806 gative
420 710 507 778 haee
528 706 619 781 (bota
640 710 704 779 sint
722 734 859 780 necesse
878 720 946 781 est:
978 712 1213 782 uttenburam
1235 710 1393 781 babeam

275 809 434 912 filium?
460 813 604 899 seilicet,
627 814 675 883 ita
689 814 935 883 benevolos'es.

388 916 553 1006 ltaqnein
571 915 829 1005 deliberatione,
855 940 942 1007 quae
965 940 1100 1009 semper
1122 925 1173 986 est
1194 941 1271 987 oum
1292 917 1392 984 dubi-

245 1022 423 1193 ίριίσιρρί
423 1020 609 1241 cgrzrieuneta,
633 1021 1216 1114 nonnioieoniunetivusosurpatur.
1251 1015 1391 1114 Sopho-

285 1148 304 1192 c
318 1148 354 1194 es

390 1273 495 1350 ουτοι
513 1301 535 1348 o
570 1270 753 1373 ἀπείργειν
769 1270 857 1350 οὔθ
871 1272 1022 1356 dontio
1008 1274 1151 1369 λέγειν
1263 1272 1265 1276 ’

390 1379 477 1471 ἔχοι,
503 1381 789 1461 ιιαιιοΐιτσισῖτοε
807 1372 1107 1474 συμπεπτωκότα

288 1531 377 1604 Oed.
391 1533 435 1601 R.
454 1529 564 1599 leot.

390 1679 455 1759 οοιι
468 1680 577 1759 ow
554 1710 648 1765 οπως
664 1709 704 1757 σι
715 1712 771 1780 φα
758 1682 1056 1778 βεβουλεῦσθαι
1069 1684 1192 1789 ιιαλιῖς.

287 1855 375 1925 Vide
395 1853 554 1946 Aesebyl
571 1854 694 1947 Agam.
713 1852 823 1922 leot.
851 1853 959 1946 Sopb.
982 1856 1034 1924 Αἰ.
1052 1852 1138 1922 514.
1164 1855 1283 1953 Eurip.
1303 1853 1389 1921 Heo

286 1953 374 2027 585.
399 1956 510 2027 Orest.
539 1955 625 2025 126.
655 1956 780 2026 l'boeu.
811 1954 896 2049 386.
923 1958 997 2026 ΑΙσ.
1027 1955 1112 2025 118.
1138 1942 1249 2049 Hipjr.
1278 1952 1389 2024 1991.

286 2060 364 2154 lph
385 2056 763 2151 A.643‘.1454.1pn
779 2060 823 2127 Τ.
837 2037 929 2129 995.
956 2060 1083 2129 'Iroad
1100 2058 1125 2128 't
1131 2059 1186 2128 12.
1208 2060 1285 2128 Hel.
1303 2057 1389 2137 633.

286 2164 390 2233 Herc.
404 2163 428 2231 1.
452 2156 562 2231 1245.
614 2161 748 2231 Eodem
764 2163 848 2231 ratio
869 2171 920 2231 est
936 2164 1220 2257 interrogationis,
1246 2172 1285 2231 ut
1303 2185 1391 2252 quae

286 2266 321 2335 in
339 2274 467 2336 rectam
483 2266 668 2334 orationem
680 2264 822 2334 reducta
834 2268 1049 2358 negationem
1066 2267 1108 2335 sit
1118 2266 1294 2334 habitura:
1312 2265 1391 2334 vide

284 2367 458 2463 aristoph.
489 2368 554 2460 Eq.
583 2367 694 2436 1326.
720 2370 799 2437 Pac.
827 2364 914 2438 521.
966 2368 1137 2438 Interdum
1162 2369 1389 2437 coniunctivus

208 2499 212 2507 ·
285 2480 320 2541 et
341 2473 491 2541 futurum
503 2472 771 2564 ¹coniunguntur,
803 2471 865 2540 sed
885 2494 927 2542 eo
946 2494 1015 2564 qno
1033 2495 1098 2564 par
1124 2480 1175 2542 est
1192 2472 1387 2542 discrimine.

283 2574 401 2668 Eurip.
418 2572 516 2642 Med.
536 2571 645 2643 1998.

388 2742 464 2819 σῖσι
478 2743 574 2818 δὲ’
529 2770 661 2818 τειινοιν
676 2740 772 2818 ἐστὶν
789 2746 828 2818 ἐν
842 2745 953 2826 οἴνοις

387 2840 558 2942 νλυιιαρον
574 2840 760 2944 diuinaque
768 2895 783 2967 '.
807 2852 913 2943 ἑιορα
900 2847 1057 2943 μελέτη

387 2942 783 3044 ιιατατρυχομένους
737 2976 804 3022 τον
821 2947 967 3023 ἅπαντα
979 2945 1131 3045 χρόνον,

387 3052 547 3181 πρῶτον
542 3049 686 3144 μέν,”
663 3079 757 3132 οπως
772 3054 941 3148 θρέψωσι
955 3052 1082 3133 καλοῖς,

387 3147 575 3248 βίοτόνθ
590 3145 730 3226 ὁπόθεν
744 3153 969 3250 λιι’ψουσι’
924 3181 1070 3235 τεκνοις

286 3322 448 3394 Solliciti
470 3331 571 3410 suot,
600 3323 780 3414 quomodo
805 3284 972 3394 educere
986 3322 1143 3394 debeant
1166 3323 1318 3408 liberae,
1352 3334 1388 3394 et

147 3495 150 3499 ,
285 3427 384 3497 uude
398 3427 530 3495 victum
545 3426 616 3495 sint
638 3426 813 3497 relicturi.
865 3430 943 3497 Non
958 3438 1051 3496 recte
1064 3451 1175 3518 neque
1188 3431 1387 3526 θρέψουσι,

254 3552 256 3556 ’
285 3552 397 3620 neque
422 3527 551 3601 λίπωσι
574 3528 725 3600 dixisset:
760 3553 829 3598 non
857 3532 1058 3626 θρέψουσι,
1085 3533 1238 3622 quiores
1261 3555 1387 3623 anceps
1455 3584 1457 3587 -

287 3643 338 3703 est
357 3642 392 3701 et
406 3632 617 3700 dubitationis
630 3655 670 3699 ac
690 3632 935 3702 deliberationis
948 3633 1066 3726 plena,
1093 3635 1247 3702 educatio
1259 3636 1387 3702 libero-

285 3760 379 3818 rom3
405 3757 472 3804 uon
488 3732 637 3821 λίπασι,
664 3735 742 3824 quia
757 3736 801 3803 de
816 3736 1038 3826 relinquendis
1060 3737 1274 3806 facultatibus
1295 3736 1388 3806 nulla

286 3849 337 3906 est
351 3838 523 3924 dubitatio,
548 3836 609 3905 sed
622 3834 665 3903 de
680 3860 732 3924 eo,
758 3837 849 3906 unde
863 3840 1037 3929 parandae
1053 3839 1140 3928 sint.
1164 3840 1283 3931 ltaque
1295 3832 1386 3935 ιιτῆ-

286 3948 419 4014 σονται
432 3948 525 4008 recte
540 3939 685 4026 dixisset,
712 3940 740 4008 si
754 3962 894 4032 operam
910 3941 1108 4031 quaerendis
1125 3944 1245 4034 opibus
1260 3965 1386 4010 navan-
1420 3974 1422 3978 ·

284 4042 393 4111 dam
384 4065 419 4110 m
441 4051 553 4112 mente
574 4042 762 4111 habuisset.
789 4043 851 4110 sed
876 4053 1036 4134 potuerat
1056 4045 1155 4113 etiam
1178 4039 1386 4140 κτήσονται,

284 4169 313 4214 sa
302 4146 432 4232 illud,
458 4146 547 4217 uude
569 4146 701 4216 loturae
722 4154 833 4214 essent
854 4169 949 4238 opes.
1000 4148 1040 4216 ln
1061 4146 1178 4242 Eurip.
1198 4146 1276 4217 Hel.
1298 4144 1385 4261 633.

177 4298 182 4308 -
282 4248 408 4319 scribe.

387 4372 451 4478 οοιι
466 4395 577 4476 αἴθ’
556 4386 684 4476 σποίισυ
698 4397 843 4500 πρῶτον
860 4397 1024 4501 ἄρξωμαι
1036 4403 1161 4477 τανῦν.
