2918 4890
437 277 870 340 ΗσπποειΔΝ-οστιε
899 265 1053 347 πισοί.
1207 282 1298 353 '248
1331 305 1339 319 e

296 491 407 544 ουτος
423 462 457 537 d
476 463 581 545 οὗτος
596 461 720 547 ασιδτίς
729 522 743 555 ,
771 467 813 540 ὂν
831 473 868 542 ἐκ
889 465 1040 550 Διός
998 500 1084 544 αισα
1109 468 1320 566 perideone„

346 564 496 660 ἥδιστον
516 563 661 640 πάντων
676 569 834 662 δαίμονα
851 567 1104 662 μουσοπόλον,

295 664 479 762 λοπτην
444 698 493 750 εις
511 665 701 768 'Ido'upv'
677 671 881 752 ανετείνοτσ
899 681 999 755 θεῖος
1008 673 1170 774 Ομηρος

217 769 268 838 30
346 767 775 868 ω’δῇσινπινυτῆςεὶνοκα
794 771 1018 899 Πηνελόπης
1105 786 1110 812 '

292 872 336 969 ἢν
352 874 411 944 δία
429 869 546 967 πολλα
563 869 695 948 παθσίν
712 873 1062 998 ὀλίγηνέςενοίσσατο
1078 881 1210 971 νῆσον,
1287 876 1289 883 ’

349 971 528 1056 πολλόν
505 975 572 1048 απ’
592 975 726 1076 ευρείης
745 974 955 1069 λσιπόμτνος
970 983 1158 1074 πατρίδος·

293 1082 416 1149 κλαῖον
434 1076 470 1150 δ’
487 1076 646 1175 Ἰκαρίου
662 1109 703 1152 τε
717 1085 815 1174 γένος
830 1109 888 1151 και
883 1082 1020 1177 δῆμον
1034 1080 1220 1172 ’ἷΛμτκλου
1229 1141 1243 1174 ,

342 1209 401 1250 και
394 1176 610 1278 Σπάρτην,
638 1182 778 1254 ἰδίων
755 1178 959 1275 απτόμενος
974 1189 1132 1256 παθοᾝων

216 1277 265 1348 35
295 1282 514 1412 Μίμνερμος
531 1287 586 1367 δέ,
609 1279 675 1356 cdv
691 1279 814 1380 ηδυν
793 1313 831 1366 ος
845 1284 970 1382 εὕρετο
988 1283 1122 1359 πολλου
1138 1284 1296 1372 α’νατλοίς
1331 1381 1336 1386 ι

345 1413 434 1512 ηχον
449 1413 509 1457 και
502 1387 691 1478 μαλακοῦ
708 1384 840 1478 πντῦμ
856 1384 930 1461 α’πό
946 1393 1215 1485 πενταμέτρου,

292 1487 415 1560 καίετο
431 1489 499 1582 μὲν
520 1489 709 1578 Ναννους,
737 1488 848 1584 πολίηο
867 1487 936 1562 δ”
919 1519 975 1564 σπι
968 1486 1140 1565 πολλακι
1154 1488 1253 1590 λοίτηο

190 1679 399 1690 -n——-

272 1797 322 1856 28.
335 1781 440 1855 codd.
467 1793 541 1854 Ven.
563 1793 623 1854 Pal.
645 1788 845 1872 μουσοπόλον
890 1793 966 1852 Edd.
989 1805 1062 1854 vett.
1083 1791 1289 1875 μουσοπόλων.

185 1875 225 1937 Vt
213 1879 340 1937 trumvie
354 1878 428 1938 ferri
445 1889 561 1957 posset,
586 1878 678 1936 modo
691 1879 822 1955 δαίμονα
835 1877 906 1936 satie
919 1888 999 1938 recte
1013 1880 1126 1938 dictum
1142 1902 1205 1941 esee
1221 1903 1291 1942 con·

185 1972 289 2023 staret.
333 1963 416 2021 Nihil
439 1984 473 2022 eo
496 1961 613 2022 confert
634 1962 826 2024 Ammianit
795 1962 826 2024 τέ
826 1987 900 2042 χνης
915 1965 1075 2044 ῥητορτκης
1091 1967 1207 2045 δαίμων
1222 1973 1292 2031 teve

78 2106 79 2109 ,
184 2044 333 2129 κοφόρος,
357 2049 394 2108 de
412 2047 694 2146 quolacobsiusad
714 2047 836 2106 Antlrol
854 2049 914 2109 vol.
931 2051 1019 2128 Xp.
1038 2053 1109 2114 1.37
1154 2053 1292 2130 Ambigi-

185 2153 244 2212 que
265 2143 364 2212 potest
385 2133 472 2192 etiam
493 2134 531 2192 de
554 2154 608 2207 eo,
637 2143 738 2191 utrum
760 2132 835 2192 haec
855 2133 948 2192 verba
971 2134 1123 2212 appositio
1148 2137 1225 2214 sint,
1253 2158 1292 2196 en
1403 2131 1407 2137 ⁵

186 2227 360 2276 constructa
387 2238 455 2276 cum
479 2213 635 2295 φυλάσσεν.
679 2218 798 2276 Nam
775 2239 801 2277 σι
823 2218 1019 2295 distinguitur
1042 2229 1111 2316 post
1133 2216 1291 2299 φυλάσσει,

185 2303 360 2400 simpliciter
383 2312 538 2361 aeternum
563 2323 625 2361 esse
643 2301 805 2361 Homerum
822 2303 897 2362 dicit
916 2314 1022 2401 poeta;
1051 2304 1075 2362 ei
1100 2325 1162 2362 non
1184 2305 1290 2365 distin·

185 2388 303 2486 guitur,
326 2387 472 2446 suavitate
489 2409 556 2446 eum
571 2388 604 2446 in
620 2408 707 2446 omne
720 2397 838 2465 tempus
852 2388 1020 2467 principem
1038 2391 1162 2448 cervari
1207 2392 1289 2450 Gru-

76 2519 78 2522 .
183 2474 252 2532 vior
266 2470 339 2531 mihi
356 2473 533 2552 digniorque
549 2472 633 2553 prior
643 2472 725 2531 strutio
741 2473 871 2532 ridetur
906 2473 1043 2546 Quare
1020 2493 1063 2531 erc
1076 2484 1197 2552 poetam
1213 2477 1290 2536 ecri-

183 2559 280 2638 peieee
306 2559 460 2658 euspicor:
491 2554 617 2638 ηότστον
638 2580 760 2619 παντων
780 2559 910 2637 δαίμονα
929 2563 1132 2637 μουσοπολνῐν
1156 2554 1288 2645 ηίδησιν·

182 2643 257 2702 haec
276 2645 354 2703 enim
373 2643 466 2704 verbe
489 2643 696 2722 coniungenda
708 2652 793 2701 sunt
823 2642 1039 2701 dulcieeimum
1059 2623 1184 2702 deorum
1198 2621 1291 2704 dmo-
1360 2709 1362 2712 ,

182 2749 246 2789 rem
267 2731 456 2788 σανπτιπιὸασ
469 2730 577 2789 colone
620 2728 865 2800 Recordahetur,
887 2749 945 2786 nisi
937 2729 1063 2802 fallor,
1086 2730 1169 2806 quod
1185 2730 1291 2790 Hesio-

183 2803 239 2874 dus
257 2815 352 2892 dixit,
374 2810 442 2896 η’ὃ”
442 2811 553 2892 Ἐρος,
576 2807 779 2886 ίίςκσίλλισπος
795 2812 827 2875 ἐν
848 2806 1028 2874 α’θανσίτοισι
1048 2819 1176 2875 θεοῖσιν.
1219 2815 1288 2874 Non

181 2899 279 2960 habeo
295 2901 378 2960 aliud
400 2901 568 2980 exemplum
589 2898 677 2958 verbi
698 2901 917 2996 poocorcotetv3
946 2897 997 2956 sed
1017 2899 1191 2980 exemplis
1182 2920 1214 2958 m
1228 2898 1288 2961 hoc

182 3006 290 3064 genere
312 3008 372 3046 non
388 3007 476 3066 opus
521 2985 634 3044 Eodem
656 2983 765 3059 modo,
787 2982 845 3042 nisi
862 2983 930 3062 quie
951 2983 1030 3042 forte
1044 2983 1077 3040 1d
1099 2982 1151 3042 hic
1170 3005 1290 3064 quoque

181 3071 348 3176 praeferet,
372 3078 570 3179 μρυσοποιεῖν
591 3070 669 3129 dixit
670 3067 904 3166 'Aristophanes
927 3069 1006 3129 Nub.
1028 3065 1101 3133 334.
1124 3069 1220 3129 Versu
1235 3076 1287 3138 29.

182 3149 215 3217 δ’
229 3165 298 3235 poet
314 3153 425 3235 terreno
439 3156 552 3215 delevit
565 3155 744 3214 novissimus
761 3155 861 3214 editor
875 3152 1026 3216 Athenaei.

267 3244 317 3304 33
341 3241 422 3299 Libri
437 3235 596 3303 dntueevd'
611 3234 742 3320 Ἰκάρου.
769 3239 846 3298 Mira
862 3240 1001 3298 socordia
1017 3237 1200 3315 criticorum,
1214 3258 1288 3318 quo·

181 3343 248 3383 rum
264 3325 366 3383 nullus
382 3324 442 3383 hoe
458 3325 669 3387 emendaverit.

266 3410 320 3476 35
343 3410 434 3469 Nullo
449 3421 539 3489 pacto
553 3410 617 3469 fieri
633 3416 747 3488 potest
770 3407 851 3485 quod
862 3405 1040 3467 Ruhnkemo
1054 3407 1230 3482 videbatur,
1253 3417 1287 3467 ut

181 3491 294 3558 areticio
309 3489 438 3568 σίνατλιίς
455 3497 653 3572 coniungetur
668 3504 737 3551 cuni
750 3493 850 3554 καίετο
864 3490 920 3571 μὲν
936 3497 1088 3566 Ναννοῦς.
1131 3493 1197 3550 Alia
1212 3490 1288 3552 haec

180 3581 277 3656 mala,
300 3601 389 3660 quam
404 3581 514 3640 amoris
531 3601 627 3652 curae,
651 3577 742 3639 fuisse
759 3577 955 3637 crediderim.
978 3599 1013 3635 ac
1026 3599 1096 3636 mox
1109 3598 1214 3654 graves
1228 3578 1288 3636 ini-

181 3667 253 3725 mici
270 3677 473 3726 memorantur
488 3624 665 3726 Hermobius
681 3672 710 3722 et
724 3661 892 3723 Phereclea.
939 3658 1028 3736 Quod
1047 3662 1177 3720 Philetae
1192 3663 1286 3721 verba

182 3752 265 3853 apud
287 3752 446 3811 Stobeeum
463 3751 597 3811 LXXXI.
613 3751 641 3816 4.
656 3748 756 3808 attulit
772 3747 984 3824 Ruhnkeniue,
1007 3741 1076 3808 ἄλλ’
1088 3734 1184 3809 ἐπέων
1199 3743 1288 3822 είὸσίς

180 3831 313 3916 κόσμον,
335 3836 387 3898 καὶ
398 3835 494 3900 πολλα
506 3857 641 3917 μογησας
664 3828 775 3923 μύθων
789 3835 942 3897 παντοίων
965 3796 1054 3911 ιίῖμον
1077 3825 1285 3908 ἐπιστάμενος,
1361 3883 1366 3890 .

180 3922 254 3981 fecit
273 3942 356 3980 more
375 3922 455 3981 illiue
476 3922 639 4002 temporie,
662 3941 722 3999 quo
726 3915 811 3996 eibi
840 3928 875 3979 ut
892 3921 1054 3978 etiamnum
1074 3917 1212 3976 nonnulli
1222 3917 1309 3994 ,int

103 4029 104 4032 ¹
180 4005 320 4066 similiter
335 4007 492 4066 dictorum
488 4009 722 4087 comparatione
742 4006 800 4064 viri
818 4005 899 4063 docti
917 4003 1081 4083 placebant.
1125 4000 1208 4060 Nihil
1228 4003 1286 4060 iste

179 4090 265 4151 locus
281 4091 319 4150 ad
333 4088 616 4167 Hermeerenectem‚
639 4091 815 4171 praesertim
832 4110 923 4170 quum
940 4087 1088 4163 Philetas,
1112 4108 1136 4146 er
1128 4086 1271 4166 quid
1240 4107 1285 4145 vr
1372 4147 1377 4154 ,

180 4175 258 4250 deo,
281 4202 328 4257 μη
316 4173 436 4239 πολλοί
454 4171 587 4257 μογήσας
604 4176 768 4256 scripserit

265 4267 318 4328 37
342 4262 415 4324 Cod.
433 4261 505 4324 Ven.
522 4265 650 4348 noi-topi,
675 4261 735 4320 Pal.
750 4259 861 4346 πολίηο,
884 4257 952 4320 edd.
969 4265 1041 4316 vett.
1054 4259 1162 4341 πολιῷ.
1207 4255 1285 4314 Tum

1008 4359 1077 4444 Q*
