2918 4890
520 257 605 321 LlB.
629 259 682 320 lll.
719 260 818 320 CAP.
839 263 871 324 2.
892 262 924 324 8.
1218 262 1283 325 14³

169 450 210 518 ld
231 450 275 518 de
300 448 398 517 certis
419 449 516 517 factis
541 449 710 517 diceretur
726 443 857 545 α’νόγει
886 459 921 518 et
943 445 1204 545 ἐφοπλίζομεν,
1236 451 1280 520 de

168 576 384 644 quocumque
405 553 497 620 facto
519 562 650 637 autern,
678 554 772 643 quod
788 562 902 624 mente
917 562 951 622 et
973 553 1177 646 cogitatione
1196 578 1280 624 con-

168 658 290 749 cipias,
326 679 392 747 per
418 657 605 748 optativum
626 657 809 748 profertur.
863 655 969 742 Quod
995 656 1023 724 si
1052 657 1280 729 coniunctivoa

166 761 335 852 posueris,
363 759 408 826 ad
423 760 497 827 sola
517 783 575 845 ea,
601 784 690 852 quae
704 761 850 852 posthac
867 758 1029 830 ‘eventura
1041 760 1124 850 sint,
1149 761 1280 832 refere-

166 872 229 932 tur.
257 862 326 936 od.
344 891 381 935 ω.
400 859 488 936 253.

268 1010 426 1110 τοιούτῳ
443 1016 481 1088 δὲ
495 1016 635 1096 ἔοικας,
662 1014 739 1089 ἐπεὶ
752 1009 925 1091 λούσαιτο
941 1011 1122 1112 φάγοιτε.

120 1200 124 1208 ·
166 1171 209 1240 ld
222 1170 266 1270 de
289 1179 383 1239 certo
396 1169 487 1236 facto
504 1169 650 1253 dictum,
677 1193 750 1238 esse
772 1169 920 1242 debebat
939 1168 1018 1244 ἐπεί
1031 1163 1207 1245 ἐλούσατο
1220 1170 1281 1244 ιιαλ

167 1276 324 1368 &param
350 1274 395 1341 de
412 1273 526 1341 futuro
541 1281 655 1340 autem
670 1272 746 1346 ἐπεὶ
759 1267 934 1371 λοόσηται
951 1268 1048 1370 prim
1057 1302 1109 1347 τε.
1135 1275 1177 1342 V.
1192 1273 1279 1343 342.

478 1427 572 1500 ἔνθα
592 1423 628 1500 δ’
646 1424 716 1498 όνα
735 1425 919 1521 σταφυλαὶ
936 1433 1111 1500 παντοῖαι
1127 1428 1244 1518 ἔασιν,

269 1525 411 1601 ὁππότε
429 1521 474 1624 δή
488 1524 580 1609 Διός
595 1526 688 1626 ὦρον
702 1529 927 1626 ἐπιβρίσειαν
944 1527 1115 1626 ὕπερθεν.

165 1683 203 1753 Si
225 1683 261 1750 id
276 1682 372 1773 quod
393 1705 473 1750 vere
493 1683 591 1756 fieret
607 1683 756 1751 indicare
776 1683 952 1770 voluisset,
979 1683 1127 1752 dixisset*
1140 1683 1278 1783 ἐπιβρλ·

165 1796 320 1878 θοασιν,·
360 1785 387 1854 si
421 1786 550 1876 futura,
590 1786 833 1882 ἐπιβρίσωσιν.
886 1788 987 1855 Nunc
1016 1810 1098 1855 vero
1125 1789 1278 1879 optativo

164 1913 243 1958 usus
258 1890 381 1976 aoristi,
407 1892 589 1980 praeterita
608 1890 755 1980 respicit,
780 1912 850 1957 non
865 1913 906 1959 ea
922 1899 1035 1958 tamen
1054 1900 1157 1976 certa,
1184 1880 1277 1982 lluod

165 2001 253 2061 esset
285 1995 481 2087 ἐπέβρισαν
487 2017 502 2082 3
538 1994 600 2062 sed
622 2016 856 2083 quaecumque
887 1994 946 2060 tibi
975 1995 1127 2086 cogitare
1157 1996 1277 2064 libeat:

164 2096 255 2164 unde
282 2097 449 2164 coniicere
476 2105 594 2188 potes,
627 2097 722 2186 quod
750 2095 894 2164 antehac
917 2097 1046 2164 factum
1074 2106 1140 2185 est,
1175 2099 1276 2169 etiam

164 2222 253 2268 nunc
271 2200 345 2266 fieri
366 2208 400 2266 et
413 2200 558 2291 posthac
573 2200 723 2267 futurum
737 2222 823 2270 esse.

267 2301 447 2370 Caeterum
463 2312 502 2370 ut
522 2327 627 2395 saepe
648 2303 736 2396 epici
751 2311 882 2372 veteres
902 2300 1075 2393 particulis
1093 2299 1140 2376 οἲν
1161 2311 1197 2370 et
1215 2301 1276 2377 νέν

164 2413 309 2490 utuntur,
334 2406 394 2474 ubi
407 2409 574 2475 recentior
591 2430 671 2476 usus
686 2408 725 2476 iis
740 2406 912 2499 particulis
931 2406 1086 2489 abstinet·
1113 2405 1160 2474 ita
1175 2407 1276 2477 etiam

163 2507 230 2575 hoc
252 2509 286 2576 in
308 2532 434 2602 genere
455 2534 511 2578 eas
533 2511 702 2581 interdum
723 2519 860 2604 praeter
882 2509 1276 2599 necessitatemaddunt,

163 2621 200 2678 ut
214 2611 308 2682 lliad.
323 2641 348 2684 ι.
362 2610 449 2686 524.

267 2762 362 2837 οὕτω
379 2764 440 2837 ναὶ
454 2765 527 2839 τόν
543 2759 708 2862 πρόσθεν
723 2760 964 2860 ἐπευθόμεθα
979 2766 1063 2840 κλέα
1079 2762 1222 2866 όνδρόν

266 2861 410 2966 ἦρόοιν,
438 2865 502 2943 ὅτε
516 2872 576 2944 νέν
589 2865 664 2944 τιν’
678 2866 889 2967 ἐπιζάφελος
903 2863 1007 2961 χόλος
1023 2875 1106 2944 ἵκοι.

690 3125 748 3194 Ill.

335 3279 401 3373 De
427 3281 644 3376 optativo
664 3303 755 3374 pro
781 3279 1087 3350 coniunctioo.

263 3434 424 3526 Sequitur
457 3436 600 3505 alterum
625 3459 734 3529 genus
767 3436 922 3504 orationis
955 3435 1130 3525 obliquae,
1177 3435 1271 3526 quod

160 3539 345 3628 optativum
370 3541 517 3608 continet
540 3563 604 3631 pro
626 3549 740 3608 rectae
762 3540 917 3608 orationis
939 3540 1150 3608 coniunctivo
1168 3540 1271 3630 posi-

159 3648 248 3731 tum,
264 3653 309 3716 -et
330 3645 442 3734 primo
459 3644 597 3733 quidem
615 3645 685 3712 sine
705 3644 871 3736 particula
888 3641 945 3715 οἷν.
998 3641 1053 3710 Ad
1075 3642 1145 3708 hoc
1160 3665 1270 3733 genus
1342 3727 1343 3730 ρ

158 3743 430 3837 prirnopertinet
448 3748 554 3816 omnis
574 3747 631 3814 illa
650 3747 791 3838 optativi
807 3748 911 3832 ratio,
939 3769 1027 3835 quae
1043 3767 1086 3812 ex
1097 3747 1269 3835 particulis

145 3847 312 3916 ¹finalibus
335 3851 473 3942 pendet.
524 3852 613 3920 Nam
637 3851 805 3949 ἐποίησα,
840 3849 951 3924 ποιό.
985 3839 1146 3941 ποιήσω,
1175 3845 1270 3930 ὅπως

157 3951 305 4047 γένηται
325 3977 429 4042 quum
450 3955 497 4022 sic
514 3954 661 4040 dicatur,
687 3963 724 4022 ut
742 3961 884 4022 eventus
907 3952 1114 4044 significetur
1136 3951 1268 4019 futurus

158 4075 248 4141 esse,
284 4055 383 4124 facile
409 4066 460 4125 est
486 4057 530 4124 ad
549 4057 823 4150 intelligendum,
854 4064 947 4123 recte
970 4055 1017 4122 ita
1042 4053 1109 4121 dici
1130 4056 1267 4144 ubique,

156 4156 214 4224 uhi
229 4181 270 4225 ea
286 4159 434 4229 indicare
446 4161 618 4247 volumus,
645 4184 732 4250 quae
747 4170 860 4228 utrum
876 4159 1030 4228 eveniant
1042 4181 1085 4226 an
1096 4179 1179 4244 non,
1207 4179 1267 4225 ex-

156 4262 321 4351 perientia
334 4264 437 4335 simus
454 4264 627 4357 cognituri.
680 4264 721 4332 Id
736 4264 794 4332 ubi
807 4263 995 4356 principale
1010 4262 1150 4332 verbum
1162 4283 1260 4353 prae-
