2918 4890
229 1388 317 1477 DE
365 1385 692 1478 MENSVRA
737 1384 1147 1499 VTRIVSQVE
1188 1389 1280 1474 «ir.⁸¹

188 1865 300 1976 Nihil
323 1903 488 1994 estquod
514 1902 735 1973 demonstrari
759 1908 922 1993 nequeat,
948 1900 1073 1993 siquis
1097 1900 1224 1973 habere
1239 1911 1293 1974 te-

188 2014 272 2094 stes,
306 2030 410 2096 quam
440 2007 549 2076 bonos
571 2006 710 2090 habere
743 2005 843 2074 satius
877 2005 989 2075 ducat.
1041 2004 1084 2073 ld
1109 2007 1231 2076 accidit
1258 2009 1293 2077 in

186 2131 343 2178 mensura
366 2108 415 2182 ’ἄν
438 2111 644 2201 particulae,
669 2117 741 2177 tum
760 2109 847 2195 eius,
873 2130 976 2197 quam
994 2110 1214 2200 potentialem
1227 2133 1292 2180 vo

187 2221 280 2300 cant,
315 2221 387 2280 tum
413 2212 517 2297 illius,
549 2235 637 2303 quac
670 2204 802 2285 exicio
836 2218 1007 2279 contracta
1042 2219 1077 2280 et
1102 2211 1148 2285 ἄν
1185 2221 1219 2280 ct
1246 2211 1292 2310 ἢν

184 2315 434 2406 pronunciatur.
493 2315 541 2383 Et
571 2317 605 2384 iu
629 2315 689 2382 illa
714 2312 852 2404 quidem
876 2314 1061 2405 permirum
1087 2337 1128 2382 ac
1152 2335 1291 2407 prorsus

184 2417 380 2486 incredibile
405 2426 511 2509 esset,
542 2419 570 2486 si
595 2417 706 2486 brevis
733 2425 821 2485 esset
846 2417 992 2507 syllaba,
1027 2436 1115 2507 quae
1137 2439 1179 2486 ex
1205 2441 1291 2488 con-

182 2521 348 2589 tractione
379 2530 458 2590 nata
491 2529 559 2608 est,
592 2520 791 2618 praesertim
819 2541 924 2609 quum
943 2520 1055 2612 ipsum
1081 2515 1165 2604 icio
1195 2522 1290 2611 quod

162 2621 343 2717 'primus
337 2572 570 2692 animadvertit
595 2623 865 2717 diligentissimus
890 2623 1008 2691 talium
1031 2644 1145 2692 rerum
1169 2625 1289 2695 obser-

118 2760 134 2791 :
181 2735 279 2795 vator
312 2712 351 2797 P.
383 2727 582 2814 Elmsleius‚
624 2729 775 2796 ultimam
814 2726 941 2794 habeat
975 2727 1184 2817 productam.
1247 2728 1289 2798 ld
1376 2809 1381 2822 .

181 2827 343 2922 exemplis
376 2831 585 2898 confirmavit
610 2830 656 2904 G
683 2829 875 2898 Dindorfius
915 2827 1081 2896 duabus
1072 2852 1106 2897 ιιι
1132 2831 1288 2900 editioni-
1297 2886 1300 2892 .

179 2934 244 3003 bus
267 2933 501 3026 Aristophanis
528 2933 572 3000 ad
587 2933 718 3025 Vespas
744 2955 775 3001 v.
794 2930 880 3002 228.
904 2932 984 3014 illa,
1015 2954 1104 3020 quae
1125 2957 1155 3001 a.
1176 2930 1286 3006 1825.
1385 2920 1389 2937 '
1425 2922 1428 2927 ⁸

178 3037 322 3129 prodiit,
359 3047 394 3106 et
425 3037 594 3129 copiosius
627 3037 661 3104 in
687 3035 874 3108 novissima.
936 3033 1030 3103 Addi
1053 3046 1196 3126 possunt
1221 3039 1288 3107 alia

179 3141 350 3231 exempla,
390 3149 428 3211 nt
453 3141 489 3207 iu
520 3140 726 3231 Appendicc
758 3136 804 3205 ad
834 3138 1022 3210 Stobaeum
1055 3139 1148 3230 apud
1183 3140 1285 3209 Gais-

176 3242 327 3310 lordium
351 3243 418 3311 vol.
444 3241 502 3310 lV.
536 3265 572 3333 p.
598 3240 659 3310 76.
686 3250 722 3310 et
743 3263 832 3330 quae
856 3241 944 3308 infra
969 3240 1162 3310 afferentur.
1214 3243 1284 3311 Pa

170 3353 225 3412 tet
258 3367 343 3438 ergo
373 3344 493 3434 quibus
525 3343 671 3436 pedibus
696 3342 832 3412 incedat
856 3342 913 3412 hic
941 3367 1057 3414 versus
1083 3345 1178 3438 apud
1199 3345 1290 3416 sto·

175 3448 300 3577 haeum
320 3446 462 3517 XXVll.
489 3444 533 3534 8,
559 3446 594 3515 3.

277 3578 342 3661 ἐαιι
367 3577 562 3682 ἐπιορκήσῃ
587 3608 662 3671 τις,
689 3574 800 3663 αὑτός
824 3558 969 3664 εὐθέως.

172 3739 291 3828 ltaque
305 3738 511 3807 Philemonis
533 3760 648 3807 versus
674 3734 767 3828 apud
792 3736 949 3806 eumdem
974 3736 1066 3812 XVI.
1087 3736 1158 3806 l.
1148 3761 1184 3808 m
1208 3760 1280 3828 quo
1420 3730 1425 3759 ³

172 3834 238 3916 ian
263 3843 460 3935 legebatur,
496 3841 544 3911 sic
564 3839 779 3910 scribendus.

274 3994 321 4070 tv
347 3995 401 4078 οἷς
426 3996 587 4093 ἔχωμεν,
613 3996 729 4076 roicda
748 3993 839 4092 μηδὲ
864 3987 1053 4091 χρώμεθα.

116 4240 122 4246 ἃ
168 4147 266 4217 Idem
291 4149 407 4218 vitium
432 4138 523 4218 xlv.
549 4147 584 4218 3.
646 4149 819 4239 Euripidis
845 4148 923 4218 libri
945 4150 1117 4234 melioreS,
1147 4147 1190 4245 ἢν
1217 4148 1273 4216 oi-

168 4252 334 4343 letantes,
367 4261 592 4325 removerunt.
653 4251 860 4322 Tollendum
893 4253 993 4322 ctiam
1018 4275 1060 4322 ex
1078 4251 1152 4354 'alio
1182 4251 1271 4319 Phi-
