2918 4890
185 336 189 345 .
229 297 292 358 ιω
563 295 621 356 ou
656 265 923 356 utrumvel
954 293 1002 360 tv

332 482 513 552 Caeterum
524 482 610 553 haec
626 485 756 554 iteratio
771 487 957 578 particulae
971 489 1006 555 in
1019 489 1135 581 primis
1152 490 1273 556 usitata
1286 500 1335 557 est

137 633 168 687 '.
230 588 359 658 Atticis,
411 588 535 657 Rarius
560 588 725 656 iuvenitur
751 588 845 683 apud
868 591 1101 678 Herodotum,
1134 616 1213 660 raro
1242 592 1335 684 apud

230 693 364 783 epicos,
389 699 427 757 ιιι
444 688 569 782 Odyss.
583 695 613 764 d.
630 690 716 762 733.

268 850 275 863 '
329 841 384 936 τῷ
407 871 446 916 κε
470 837 561 935 μάλ’
586 842 611 940 ἦ
635 873 695 918 κεν
721 847 851 939 ἔμεινε.

228 996 301 1067 Sed
325 997 413 1090 epici
435 995 525 1064 aliud
545 997 606 1065 sibi
624 999 804 1091 proprium
823 999 970 1086 habent,
1003 1010 1041 1068 ut
1061 1001 1266 1094 coniungant
1289 997 1335 1074 ἄν

227 1125 296 1174 κον.
347 1100 442 1171 Iliad.
458 1129 488 1172 a.
505 1097 591 1173 127.

393 1252 436 1334 ὀίς
462 1248 544 1326 οὔτ’
570 1251 616 1325 ἄν
641 1282 701 1328 κον
720 1253 836 1352 ”Aoos
862 1248 1035 1328 ὀνόσαιτο
1060 1249 1270 1349 μετελθών,

332 1351 419 1429 οὔτε
433 1350 469 1426 κ’
483 1352 665 1453 Ἀθηναίη
683 1352 868 1439 λαοσσόος.
1054 1353 1057 1360 ’

229 1508 328 1593 Quae
340 1515 436 1599 patet
450 1507 495 1573 ob
514 1509 702 1599 negationis
720 1502 946 1579 accessionem
960 1533 1034 1579 esse
1052 1511 1238 1578 coniuncta.
1276 1511 1335 1578 Sic

197 1596 202 1604 ’
228 1611 329 1678 etiam
345 1607 523 1702 Oppianus
536 1609 617 1683 Hal.
633 1611 692 1680 lv.
709 1611 796 1680 602.

932 1759 1018 1837 οὐδέ
1028 1790 1089 1837 κεν
1103 1761 1150 1835 ἄν
1169 1789 1224 1844 τις

326 1862 456 1963 ἒιβαίη.

226 2017 268 2090 V.
281 2012 368 2103 tot.
957 2011 1227 2089 οῠδέκινοῖοτι

329 2164 530 2262 οἷοιόμεοοι
545 2169 745 2268 cataroae.

226 2324 381 2417 Scriptor
395 2324 605 2393 Lithicorum
619 2347 650 2394 v.
665 2322 750 2394 247.
819 2378 822 2385 .

329 2471 418 2549 οὐδέ
426 2502 488 2548 κεν
503 2474 549 2547 ἄν
565 2472 684 2570 γνοίης
697 2476 801 2570 κέρας
818 2470 961 2570 ἀτρεκὲς
975 2473 1118 2571 η”λίθος
1132 2475 1241 2551 ἐστίν.

226 2630 274 2699 Ει
292 2626 365 2708 πῶς
385 2653 449 2699 κεν.
470 2625 516 2699 ἄν
536 2625 705 2694 Maximus
724 2649 756 2698 v.
776 2625 861 2694 277.
885 2634 919 2693 et
932 2624 992 2697 καὶ
1015 2623 1050 2698 δ’
1074 2627 1120 2701 ἄν
1134 2658 1172 2702 κε
1194 2653 1225 2696 v.
1245 2628 1331 2704 303,

227 2733 320 2820 Quin
337 2731 438 2799 etiam
454 2753 530 2798 oum
545 2730 755 2816 coniunctivo
772 2731 818 2797 ita
832 2729 1039 2821 coniungunt
1054 2728 1099 2803 ἄν
1115 2759 1204 2821 uso„
1215 2743 1253 2800 nt
1267 2733 1333 2802 hae

225 2836 412 2930 particulae
424 2857 489 2927 pro
505 2857 572 2901 una
588 2835 669 2920 sint,
696 2834 790 2923 quod
808 2855 850 2901 eo
871 2834 998 2900 factum
1016 2843 1116 2924 puto,
1144 2836 1275 2924 quiana
1291 2861 1333 2905 ex

225 2937 285 3012 eol
299 2947 415 3007 natum
429 2946 487 3005 est.
539 2937 709 3005 Homerus
726 2936 863 3025 quidem
876 2937 911 3003 in
930 2937 1076 3005 formula
1100 2934 1189 3035 ὄφρ’
1205 2937 1251 3010 ἂν
1264 2941 1332 3033 μέν

225 3069 295 3115 κεν.
322 3040 418 3112 Iliad.
435 3045 467 3114 λ.
483 3036 569 3109 ῙΒΊ.

329 3187 419 3288 ὄφρ’
434 3188 480 3263 ἄν
498 3190 566 3284 μέν
585 3216 646 3263 κιο
660 3185 731 3287 6ρᾷ
746 3185 1004 3284 Ἀγαμέμνονα
1011 3247 1025 3282 ,
1052 3194 1208 3286 ποιμένα
1223 3194 1328 3267 λαῶν.

225 3344 314 3417 Vide
332 3342 402 3413 od.
419 3371 447 3418 a.
464 3341 551 3416 361.
572 3351 598 3430 ζ.
614 3339 699 3412 259.
752 3343 812 3413 Sic
827 3341 871 3438 ἤν
884 3372 942 3429 κε,
969 3338 1057 3442 ἐπήν
1077 3375 1117 3419 ea
1134 3315 1328 3449 construne-

225 3457 303 3518 runt
312 3447 511 3539 Apollonius
524 3446 690 3532 Rhodius,
705 3446 919 3531 Theocritus,
936 3447 1114 3518 Manetho.
1140 3451 1182 3518 V.
1198 3451 1330 3519 Sohae-

226 3549 290 3625 fer.
312 3550 358 3619 ad
372 3549 520 3622 Theocr.
538 3550 678 3618 XXVII.
695 3545 754 3618 35.
787 3551 876 3619 lllnd
897 3544 985 3648 ἐιίήν
1009 3579 1074 3625 κεν
1089 3554 1330 3622 restituendum

79 3658 82 3663 ’
227 3652 452 3747 Soloniapud
467 3652 686 3721 Plutarchum
704 3655 737 3721 in
749 3654 827 3722 Vita
843 3656 913 3723 eius
927 3675 960 3722 c.·
972 3653 1007 3727 2.

329 3756 478 3825 Multum
494 3758 537 3824 ab
560 3755 611 3824 his
628 3756 742 3824 differt
754 3759 960 3850 geminatum
977 3754 1040 3846 ἄν,
1068 3758 1161 3847 quod
1181 3757 1329 3826 Elmsle-

227 3862 277 3929 ius
295 3860 340 3928 ad
352 3859 515 3951 Aeschyli
531 3860 645 3932 Proui.
664 3857 751 3937 768,
768 3861 846 3929 ¹iure
861 3859 996 3952 negavit
1017 3861 1228 3935 coniunctivo
1246 3884 1330 3929 con-

228 3963 355 4035 sociari.
409 3962 481 4032 Cur
504 3961 611 4031 vero?
643 3963 749 4050 Quia,
780 3973 818 4030 ut
841 3965 927 4033 libro
950 3963 992 4035 ll.
1014 3963 1235 4049 ostendimus,
1273 3965 1329 4032 hic

227 4064 348 4134 modus
365 4066 461 4133 verbi
476 4088 544 4134 uon
563 4088 628 4157 per
647 4089 684 4134 se
706 4065 861 4135 adsciscit
876 4063 939 4150 ἄν,
965 4067 1026 4136 sed
1052 4067 1097 4141 ἄν
1117 4068 1264 4158 pertinet
1285 4067 1329 4135 ad

227 4191 346 4239 vocem
365 4190 407 4235 ex
421 4191 488 4258 qua
501 4169 630 4260 pendet
647 4170 880 4238 coniunctivus.
933 4170 1040 4239 Huius
1054 4171 1146 4239 vocis
1162 4193 1202 4239 ea
1214 4173 1328 4262 parti·

228 4273 303 4341 cula
326 4271 547 4366 significatum
571 4294 675 4363 quum
693 4282 833 4362 mutet„
849 4273 930 4342 nihil
954 4282 1004 4342 est
1024 4275 1058 4342 in
1084 4275 1142 4342 tali
1168 4277 1328 4344 sententia
