2918 4890
404 265 926 388 'orssnnuuuro
1106 302 1260 370 ‘un

139 492 237 576 Quae
266 493 310 560 de
336 494 499 584 Neptuno
525 472 722 584 repetuntur
748 494 839 566 xlv.
868 491 952 563 148.
1003 494 1043 561 ln
1069 495 1134 563 dea
1160 458 1241 597 iero
1336 580 1339 585 Ι

139 596 220 664 scite
236 595 414 665 declinavit
429 597 644 686 quodminus
660 598 821 666 dccomm
835 597 1022 684 videbatur,
1051 598 1137 671 inv.
1155 598 1240 669 ³84.

242 751 334 822 ἔνθα
362 746 468 822 στᾶσ’
494 748 582 845 ήϋσε
609 744 682 823 θεέ
708 741 920 829 λευκώλενος
940 747 1083 847 Ἤρη,

242 853 424 943 Στέντορι
450 856 616 949 εἰδομένη
641 847 865 947 μεγαλήτορι
888 847 1149 945 χαλκεοφώνῳ,

184 955 186 959 ’
243 951 282 1033 ὅς
307 949 418 1026 τόσον
445 949 661 1047 αὐδήσασχ’,
691 953 777 1027 ὅσον
804 953 905 1027 ἄλλοι
932 949 1167 1051 πεντήκοντα.

140 1107 197 1176 ud
215 1106 306 1174 idem
320 1129 428 1198 genus
443 1109 609 1198 pertinent
624 1082 700 1194 illa,x
714 1108 882 1197 inquibus
896 1108 1063 1193 falluntur,
1091 1108 1147 1198 qui
1162 1131 1241 1175 cor-

142 1211 234 1300 poris
250 1210 516 1301 magnitudinem
538 1212 710 1303 ingentem
731 1211 910 1302 significari
924 1220 1061 1302 putant:
1088 1221 1124 1278 ut
1148 1210 1242 1300 quod
1279 1300 1282 1305 ι

62 1328 64 1331 ·
141 1313 186 1379 de
215 1313 375 1403 Neptuno
401 1324 451 1382 est
480 1337 521 1382 ex
546 1323 660 1384 monte
684 1315 778 1384 Sami
802 1313 971 1381 Thraciae
996 1315 1110 1435 Aegas
1143 1316 1242 1381 eunte

141 1415 235 1487 iliad.
255 1414 420 1483 x111.lt.

246 1563 376 1638 αὐτίκα
404 1569 439 1639 δ’
467 1573 503 1650 ἐξ
528 1566 631 1664 ὄρεος
656 1536 877 1664 κατεβήσετο
901 1561 1185 1654 παιπαλόεντος,

245 1695 401 1765 κραιπνα
428 1697 534 1742 ποσιν
559 1666 758 1767 προβιβάς
786 1666 955 1797 τρέμεέ
983 1668 1094 1765 οὔρεα
1120 1696 1244 1765 μακροι

432 1837 434 1840 ,
764 1772 823 1844 καὶ
849 1770 940 1896 ὕλή

246 1873 376 1946 ποσσὶν
398 1901 448 1946 οπ
489 1871 715 1951 αθανατοισι
743 1871 1040 1954 Ποσειδέωνος’
1023 1868 1153 1954 ιόντος.

244 1975 320 2067 τρὶς
335 1976 404 2066 μὲν
420 1973 591 2074 ὀρέξατ’
575 1972 652 2056 cdv,
663 2005 707 2050 τσ
700 1971 763 2050 δὲ
777 1979 957 2075 τέτρατον
973 1984 1070 2051 ἵκετο
1088 1978 1245 2071 τέκμωρ,

245 2073 374 2170 Alfi?
792 2133 798 2144 ·
1061 2123 1123 2169 m

144 2232 224 2298 Non
242 2233 331 2298 enim
351 2233 387 2299 in
405 2179 516 2301 forma
538 2233 593 2300 dei
613 2181 806 2324 hyperbole
828 2245 895 2323 est,
928 2229 1020 2301 sed
1010 2256 1045 2301 m
1065 2230 1295 2302 celeritatem

144 2336 235 2402 Nam
251 2335 431 2456 iipgendus
448 2337 651 2428 cogitatione
666 2345 716 2405 est
739 2336 897 2428 gradiens
915 2336 1046 2428 magnis
1062 2335 1244 2428 gressibus,

145 2447 183 2507 ut
197 2439 292 2531 pingi
311 2440 345 2506 in
362 2434 502 2528 antiquis
518 2440 739 2508 monumentis
753 2440 923 2527 videmus,
951 2461 1008 2530 qur
999 2439 1133 2507 altero
1154 2436 1246 2529 pede

145 2543 265 2609 montis
283 2565 444 2611 cacumen
465 2552 559 2611 tanta
575 2545 607 2611 vi
626 2553 660 2611 et
677 2543 845 2611 celeritate
864 2543 952 2630 ferit,
978 2551 1024 2629 ut,
1052 2542 1133 2611 dum
1148 2565 1247 2634 gres-

146 2667 220 2713 sum
239 2647 356 2738 carpit,
378 2647 484 2716 altero
496 2647 589 2738 pede
605 2647 686 2714 alius
696 2655 817 2738 ‘tangat
830 2648 950 2714 montis
967 2647 1134 2715 verticem.
1161 2647 1251 2712 Per-¹

147 2749 264 2840 spicue
278 2749 314 2816 id
330 2749 537 2817 declaratum
552 2760 601 2819 est
617 2753 652 2818 in
669 2751 763 2839 equis
780 2749 938 2831 deorum,
963 2772 1007 2817 ne
1026 2749 1088 2816 illis
1110 2744 1247 2838 quidem

148 2854 245 2922 solito
262 2853 452 2942 altioribuS‚
478 2854 572 2922 lliad.
588 2854 627 2924 V.
641 2852 727 2921 Ίλθ.
1338 2844 1341 2847 ’

234 3002 428 3079 ὄσσονδ”
455 3001 683 3130 ἠεροειδές
659 3000 751 3100 ανήρ
778 3006 853 3085 ἴδεν
880 3000 1149 3097 ὀφθαλμοῖσιν,

184 3106 381 3232 ἥμενος
397 3113 435 3182 ἐν
452 3109 599 3204 σκοπιῇ,
622 3101 812 3181 λεύσσετ’
795 3107 853 3180 επι
872 3109 1002 3179 οἴνοπα
1020 3099 1178 3194 πόντον,
1301 3183 1307 3193 s
1341 3153 1346 3162 .

251 3205 384 3284 τόσσον
401 3206 668 3308 επιθροέσιιοοσι
685 3208 783 3283 θεοῖν
797 3206 945 3308 νψήχέες
961 3215 1077 3281 ἵπποι.

150 3363 221 3432 Sed
234 3372 490 3454 argumentum,
517 3365 574 3455 qui
593 3361 751 3430 immania
764 3360 826 3429 diis
844 3382 990 3452 corpora
1005 3314 1158 3433 tribuisse
1172 3357 1250 3424 Ho-
1306 3452 1310 3458 .

149 3490 280 3535 merum
295 3474 449 3552 censent,
475 3465 770 3535 luculentissimum
785 3465 820 3532 in
832 3464 946 3532 Eride
958 3463 1170 3556 propositum
1184 3483 1252 3552 pu·

149 3579 220 3637 tant
232 3570 284 3638 his
299 3568 447 3638 versibus
459 3569 554 3637 lliad.
567 3569 628 3642 lV
643 3567 731 3640 439.

253 3750 345 3819 ωρσε
362 3723 399 3798 δέ
414 3748 499 3803 τους
513 3722 582 3815 μὲν
589 3694 720 3845 Ᾰρης,
732 3747 819 3852 τρες
832 3720 871 3794 δέ
883 3717 1082 3814 γλαυκῶπις
1093 3709 1251 3839 Αθήκη,

254 3820 446 3920 Δειμέςτ
455 3820 524 3922 ἠδέ
542 3817 681 3918 Φόβος,
708 3825 768 3897 και
781 3819 1230 3953 Ἔριὲοἴμοτονμεμανῐα,
1308 3899 1311 3908 Ι

248 3927 379 4053 Αρεος
400 3924 646 4058 α’νδρρφόνοιο
663 3920 856 4049 κασιγνήτη
874 3919 1007 4042 ἑτάρη
998 3951 1039 3995 τε
1045 3977 1059 4011 ,

255 4031 301 4152 ήτ
308 4029 436 4155 ὀλίγη
459 4031 527 4123 μέν
550 4030 678 4152 πρῶτα
696 4023 932 4158 κορύσσεται,
960 4018 1079 4122 αύτορ
1095 4024 1221 4098 ἔπειτα

255 4128 397 4232 σι’ρανῳ
384 4127 575 4233 ἐστήριξε
591 4159 682 4230 ναρη
698 4133 759 4205 καὶ
771 4136 830 4206 ἐπι
822 4129 954 4222 χθονι
970 4127 1100 4223 βαίνει

153 4293 198 4358 At
216 4289 302 4358 haec
326 4311 394 4356 non
391 4284 561 4373 formae,
588 4284 690 4388 quam
714 4285 779 4354 dea
793 4283 873 4371 Eris
890 4281 1033 4388 lrabeat,
1061 4280 1252 4375 descriptio,
