2918 4890
177 243 222 305 28
333 247 337 255 ·
512 231 574 293 llll
611 230 888 295 PARTICVLA
910 230 956 298 dv

180 435 279 504 ταῖα.
330 423 402 494 Sed
422 446 489 491 nou
509 430 559 490 est
574 445 634 490 cur
649 423 857 516 discipliceat
871 426 932 491 ista
947 425 1089 513 locutio,
1117 430 1209 498 cuius
1233 430 1293 511 hia

183 554 296 605 ³0³⁵OE
313 539 381 619 eii,
406 532 483 609 τοῖς
500 523 614 608 οὕτως
631 524 677 600 οἶν
693 524 738 609 oie
752 524 854 601 εἶπον
873 529 965 609 νεόις
979 524 1061 602 οὖσι
1075 532 1244 615 παιδίοις.

682 730 772 804 Vlll.

361 883 428 957 De
453 883 507 961 do
533 905 628 956 oum
652 884 914 958 indicativo
930 885 1104 982 futuri.

283 1040 459 1134 Pergimus
478 1038 524 1107 ad
550 1037 596 1111 ἄν
618 1061 695 1106 oum
713 1039 827 1110 futuro
846 1042 1076 1132 coniunctum,
1110 1064 1179 1131 qua
1202 1065 1287 1112 cou-

181 1145 377 1233 structione,
404 1143 554 1232 quamvis
573 1142 764 1234 improbata
777 1147 1022 1236 grammaticis,
1048 1145 1136 1235 epici
1154 1154 1287 1214 veteres

179 1249 231 1316 usi
245 1257 321 1315 suut
334 1247 536 1338 saepissime,
563 1268 667 1335 quum
683 1246 818 1335 quidem
832 1249 958 1336 aliquid
974 1249 1100 1316 fortuiti
1114 1249 1223 1317 inesse
1237 1250 1287 1316 rei

179 1352 312 1419 futurae
332 1350 546 1417 indicandum
568 1357 734 1439 putarunt.
785 1351 857 1419 Sed
878 1374 988 1445 neque
1003 1351 1148 1434 Latinis,
1174 1374 1287 1441 neque

179 1454 356 1522 Gennanis
370 1453 534 1544 particula
549 1460 609 1536 est,
624 1475 711 1540 quae
725 1453 758 1520 in
771 1451 839 1523 hoc
852 1477 979 1547 genere
992 1454 1119 1543 ubique
1131 1455 1286 1523 Graecae

129 1592 133 1601 ·
176 1557 362 1651 particulae
375 1557 444 1623 vim
463 1555 635 1646 exprimat.

280 1659 501 1728 Nihilominus
518 1658 650 1749 percipi
665 1657 735 1727 eius
755 1667 903 1750 potestas
926 1661 1051 1749 ubique
1065 1668 1187 1751 potest.
1237 1658 1286 1728 vt

177 1783 198 1831 a
215 1762 457 1831 difficilioribus
471 1761 645 1852 incipiam,
671 1761 764 1851 quod
778 1760 904 1853 Odyss.
928 1792 959 1855 y.
979 1762 1040 1831 8⁰.
1057 1764 1199 1855 legitur,

282 1916 395 2015 εἴρεαι
411 1906 578 1988 ὁππόθεν
594 1913 710 2007 εἰμέν·
731 1912 797 2010 ἐγώ
814 1916 857 1989 da‘
865 1917 908 1991 κε’
920 1942 980 1990 τοι
994 1917 1194 2006 καταλέξω,

176 2071 212 2139 id
227 2069 430 2143 Germanice
445 2068 555 2137 dicas:
580 2067 639 2136 ioli
657 2067 733 2137 will
752 2069 815 2136 dir
830 2091 868 2139 es
883 2068 979 2137 wohl
994 2086 1124 2161 πωρον.
1177 2069 1284 2155 Quod

176 2174 259 2263 quid
281 2174 322 2242 sit
340 2174 368 2242 si
388 2174 573 2240 accuratius
594 2193 752 2261 quaeras,
778 2181 936 2263 apparet,
970 2195 1102 2240 sensum
1124 2195 1214 2261 esse,
1248 2175 1285 2243 si

175 2276 241 2346 tibi
250 2278 397 2371 placet,
425 2275 559 2350 dicam.
611 2274 668 2342 Sic
682 2276 782 2344 etiam
797 2274 891 2347 Iliad.
909 2283 935 2356 ξ.
956 2273 1042 2343 261.

239 2462 241 2466 ·
277 2423 359 2498 ἁλλ’
374 2423 452 2515 ἴθ’,
474 2421 542 2518 ἐγώ
559 2427 601 2499 de'
612 2427 653 2498 κε’
667 2452 725 2498 τοι
740 2425 915 2523 Χαρίτων
936 2425 1026 2518 μίαν
1048 2420 1282 2525 ὁπλοτεράων

280 2523 380 2602 δώσω
399 2525 611 2622 ὀποιεμέναι
627 2527 687 2601 καὶ
707 2522 772 2626 σήν
789 2528 986 2626 κεκλῆσθαι
1000 2527 1153 2604 ἄκοιτιν.

172 2685 251 2752 Non
262 2691 312 2751 est
332 2682 419 2752 enim
432 2681 518 2750 haee
533 2683 637 2754 oratio
651 2681 843 2774 simpliciter
857 2691 891 2750 et
906 2683 975 2750 sine
989 2683 1178 2752 conditione
1194 2708 1280 2776 pro-

172 2787 345 2874 mittentis,
372 2785 433 2853 sed
460 2786 606 2874 aliquam
622 2785 806 2854 adiicientis
826 2786 1082 2870 dubitationem,
1109 2788 1136 2854 sl
1152 2789 1280 2857 scilicet

171 2891 268 2958 alteri
288 2890 434 2981 placeat.
487 2887 684 2956 Cuiusmodi
700 2890 734 2955 in
754 2889 836 2956 locis
851 2898 1005 2979 apertum
1027 2898 1096 2976 est,
1122 2913 1189 2957 uon
1209 2913 1279 2982 po-

171 2994 273 3061 tuisse
285 2991 327 3064 τὲ
341 2992 435 3082 poui,
460 2991 554 3079 quod
571 3001 621 3059 est
634 2991 886 3080 quodammodo
903 2992 1098 3060 affirmantis
1111 2991 1157 3081 id,
1184 2994 1279 3083 quod

170 3097 245 3164 lieri
258 3102 513 3162 consentaneum
529 3103 589 3161 est.

272 3197 433 3288 Apertior
456 3205 506 3264 cst
533 3197 583 3265 rei
612 3195 769 3264 fortuitae
792 3194 993 3289 significatio
1015 3197 1049 3264 in
1079 3197 1132 3266 his
1155 3199 1277 3288 verbis,

170 3299 264 3370 lliad.
278 3327 312 3372 α.
335 3297 420 3370 139.

478 3434 500 3508 ὃ
515 3434 557 3508 δέ
568 3462 627 3508 κεν
639 3429 899 3525 κεχολώσεται,
926 3431 970 3508 ὄν
985 3460 1045 3508 κεν
1063 3440 1204 3528 ἵκωμαι.

168 3575 246 3644 Alia
258 3575 413 3666 exempla
428 3572 504 3640 vide
520 3595 604 3641 vers.
618 3565 703 3637 523.
720 3575 749 3644 d.
771 3570 857 3641 lto.
872 3581 899 3658 ζ.
916 3570 1001 3639 266.
1020 3580 1058 3643 θ.
1074 3571 1160 3641 464.
1180 3570 1273 3644 alil.

169 3677 257 3748 386.
279 3679 339 3746 ubi
359 3687 471 3745 tamen
495 3673 695 3765 quibusdam
722 3677 888 3766 optativus
911 3675 1053 3766 placuit,
1077 3698 1221 3764 eumque
1240 3677 1275 3742 iu
1320 3712 1324 3719 ·
1381 3746 1383 3753 ,

168 3791 341 3872 postrema
356 3781 500 3849 editione
519 3778 631 3870 posuit
649 3778 801 3846 Wolfius.
828 3787 854 3860 ξ.
877 3775 962 3845 239.
978 3804 1008 3850 ο.
1028 3776 1114 3851 211.
1132 3806 1163 3869 ρ.
1186 3774 1273 3845 515.

169 3911 202 3975 χ.
217 3881 278 3951 42.
306 3880 373 3952 Od.
394 3886 423 3956 δ.
447 3881 508 3948 86.
528 3877 614 3948 153.
632 3907 668 3951 π.
693 3879 778 3949 291.
799 3904 830 3976 ρ.
855 3875 941 3949 549.
968 3907 1001 3953 τ.
1026 3875 1114 3952 558.
1134 3881 1169 3949 h.
1186 3880 1272 3950 Veu.

169 3985 254 4057 14⁰.
306 3985 352 4053 Et
366 3984 428 4064 οἶν,
455 3984 546 4052 lliad.
564 4012 595 4076 χ.
611 3980 672 4057 66.

272 4115 388 4193 αὐτόν
405 4117 441 4192 δ’
459 4120 504 4192 ἄν
521 4114 692 4212 πύματόν
705 4148 753 4216 με
772 4115 872 4201 κύνες
886 4112 1048 4219 πρώτῃσι
1064 4115 1221 4221 θύρῃσιν

271 4221 436 4321 ώμησταὶ
450 4218 624 4321 ἐρύουσιν.
