2918 4890
529 261 616 322 cra.
637 259 690 325 111.
735 258 832 319 car.
854 261 887 324 u.
1201 265 1268 331 ιω
1352 232 1357 246 ’

155 451 436 537 decoquamus,
468 474 511 518 an
533 449 762 518 coniunctivus
784 449 950 541 praeferri
975 449 1116 542 debeat,
1150 457 1268 548 paucis

155 557 418 641 declarabimuS‚
438 554 528 644 quid
541 553 608 621 hae
625 553 757 621 dicendi
771 554 901 620 formae
917 553 1085 628 differant.

77 699 79 703 ·
256 660 370 748 Atque
386 667 423 726 ut
438 682 459 724 a
475 657 685 725 coniunctivo
699 657 913 749 incipiamus,
938 659 966 727 is
976 657 1191 730 deliberantis
1207 670 1267 750 est,

155 771 192 831 ut
205 763 238 830 in
251 761 495 831 Eumenidibus
514 758 601 834 791.
619 757 707 828 821.

256 913 296 988 ai
308 917 413 1013 ῥέξω,
439 915 597 1008 γένωμαι
607 940 620 1003 ,·

157 1044 245 1164 quid
259 1061 404 1163 agam?
427 1067 521 1160 *quid
541 1059 717 1162 meflut?
741 1065 950 1135 Deliberatio
965 1075 1077 1138 autem
1093 1092 1202 1158 ¹quum
1221 1073 1267 1142 ad

156 1173 327 1266 agendum
348 1180 496 1264 spectet,
522 1171 667 1238 refertur
685 1170 912 1238 coniunctivae
930 1173 1120 1241 necessario
1143 1174 1187 1242 ad
1209 1177 1266 1265 fu-

156 1287 247 1360 tura,
274 1278 456 1365 subestque
480 1274 511 1342 ei
527 1274 613 1341 haec
628 1273 808 1341 sententia:
834 1273 966 1342 nescio.
1000 1275 1078 1343 Alia
1091 1286 1145 1383 lest
1163 1289 1265 1373 opta-

155 1381 212 1448 tivi
231 1381 334 1469 ratio‚‘
361 1388 399 1446 ut
415 1378 508 1470 apud
524 1375 748 1445 Theocritum
762 1377 901 1445 XXVII.
918 1375 979 1444 24.

158 1538 160 1540 ’
258 1531 319 1604 nai
338 1529 398 1622 τί,
426 1529 548 1627 φίλος,
572 1531 715 1628 ῥέξαιμι
722 1556 736 1622 ,·

157 1687 250 1777 quod
263 1685 330 1754 illic
347 1685 485 1775 quidem
500 1684 697 1753 vertendum
714 1692 774 1772 est,
799 1683 888 1778 quid
892 1679 1100 1780 facerem?
1124 1685 1167 1754 Id
1185 1710 1267 1758 vero

156 1812 224 1858 non
242 1798 292 1858 est
308 1789 541 1881 deliberantis,
568 1788 629 1856 sed
647 1789 807 1857 iudicium
822 1788 1033 1877 exquirentis,
1061 1790 1266 1860 subiectam-

157 1917 224 1984 que
236 1893 341 1961 habet
355 1892 445 1960 hanc
462 1893 675 1986 sententiam:
700 1915 773 1960 non
780 1901 882 1985 puto.
934 1891 1079 1960 ludicari
1095 1881 1207 1962 autem
1223 1896 1268 1966 de

156 1996 389 2088 praesentibus
410 2004 444 2064 et
464 1984 650 2087 praeteritis
664 2017 733 2063 non
746 1997 853 2079 minus
870 2017 972 2084 quam
989 1994 1033 2062 de
1052 1995 1170 2066 futuris
1184 2008 1266 2090 pot-

158 2109 216 2171 est
250 2099 365 2184 Quare
381 2099 521 2191 optativi
536 2121 612 2166 usus
625 2099 711 2166 culli
726 2108 777 2167 est
792 2097 937 2189 tempori
953 2096 1139 2167 adstrictus.
1174 2101 1267 2169 Hinc
1384 2103 1392 2117 ’

157 2203 215 2288 iit,
240 2211 290 2291 ut,
316 2225 419 2292 quum
437 2201 481 2269 de
494 2202 681 2294 praeteritis
695 2202 874 2291 loquimur,
901 2201 1091 2268 necessario
1109 2203 1151 2270 sit
1169 2213 1268 2295 opta-

157 2306 226 2373 tivo
242 2305 423 2391 utendum,
450 2307 530 2395 quia
552 2305 595 2372 de
615 2304 668 2372 his
688 2304 828 2372 iudicari
849 2303 1006 2394 quidem,
1032 2303 1182 2394 sednon
1204 2306 1269 2376 de-
1397 2339 1399 2343 ·

158 2409 292 2477 liberari
304 2417 427 2499 potest.
479 2407 525 2475 Vt
539 2409 573 2475 in
589 2408 752 2500 Aeschyli
766 2408 968 2500 Supplicum
983 2407 1092 2476 initio:

261 2559 346 2633 τίια
357 2559 445 2652 γοῦν
460 2554 580 2654 χώραν
595 2558 758 2658 εὔφρονα
771 2561 912 2655 μᾶλλον

261 2659 362 2760 τῆςὸ’
375 2659 621 2757 αφ,ιιιοι’μεθα;

159 2819 258 2886 Patet
278 2825 413 2908 autem,
440 2817 466 2885 si
488 2826 616 2886 rectam
637 2800 821 2912 orationem
842 2816 1014 2900 restituas,
1047 2815 1269 2906 ncnubique
1346 2871 1350 2876 .

159 2944 261 3013 posse
275 2920 344 2988 eius
362 2921 476 3009 verbi,
500 2922 592 2991 cuius
611 2917 801 3014 optativum
815 2922 962 3013 positum
981 2918 1152 3004 videmus,
1177 2921 1268 2989 indi-

160 3025 306 3091 cativum
332 3023 495 3096 adhiberi.
547 3025 593 3093 Vt
612 3025 681 3093 hoc
706 3026 817 3116 ipsum
837 3023 880 3097 ai
906 3025 1051 3122 ῥέξαιμι
1071 3031 1165 3097 recta
1191 3046 1267 3092 cra·

160 3127 251 3196 tione
266 3126 391 3194 dictum
415 3150 482 3194 nou
508 3138 558 3196 est
583 3127 621 3200 τί
644 3129 765 3223 ἔρεξα,
792 3127 854 3195 sed
875 3127 914 3198 τί
935 3127 1081 3224 densior
1104 3121 1171 3222 ἤια
1196 3127 1270 3196 Sed

161 3231 188 3305 si
211 3252 352 3319 quaeras
375 3223 538 3324 ποιήσειε
559 3230 696 3320 τοῦπος
710 3229 854 3323 fecerit
876 3225 1005 3299 istud?
1030 3237 1102 3295 tum
1122 3252 1203 3297 vero
1224 3231 1268 3298 li-

162 3334 250 3401 cebit
265 3347 359 3400 recta
371 3335 521 3401 oratione
536 3333 618 3420 dici,
646 3333 791 3430 dravique
808 3332 945 3423 τοῦτο,·
961 3332 1132 3399 Nimirum
1145 3331 1201 3399 hic
1223 3332 1269 3402 de

160 3437 252 3504 facto
272 3437 460 3525 quaeritur;
485 3437 519 3503 in
540 3437 598 3504 iilo
620 3445 733 3503 autem
749 3437 906 3527 exemplo
925 3435 969 3503 de
988 3444 1080 3502 recte
1094 3435 1268 3504 faciendo:

160 3551 198 3607 ut
214 3539 260 3606 ibi
279 3560 417 3629 quoque
446 3540 596 3607 eiusdem
618 3539 713 3606 verbi
735 3539 913 3606 indicativo
936 3539 984 3606 uti
1007 3538 1132 3631 possis5
1165 3538 1269 3606 modo

162 3644 209 3710 sic
231 3642 340 3732 dicas,
368 3638 433 3714 crin
452 3638 573 3736 ὀρθῶς
587 3643 705 3735 ἔρεξας
723 3643 812 3710 Nam
825 3642 909 3710 illud
923 3636 965 3713 τέ
976 3643 1119 3736 ῥέξαιμι
1135 3664 1173 3709 re
1188 3664 1269 3710 vera

161 3745 243 3813 nihil
262 3754 312 3812 est
333 3744 395 3813 nisi
414 3746 613 3814 coniunctivi
635 3746 670 3812 in
691 3739 843 3814 oratione
864 3745 1002 3834 obliqua
1022 3748 1098 3810 cum
1118 3747 1269 3836 optativo

163 3849 389 3917 commutatio.
441 3849 559 3918 Tertia
582 3849 668 3917 ratic
695 3859 746 3919 est
770 3849 910 3942 optativi
931 3870 1009 3915 cum
1033 3848 1199 3938 particula
1223 3847 1270 3922 ἂι

105 4025 107 4031 ,
163 3952 349 4040 coniuncti,
375 3953 518 4026 utiliad.
532 3982 564 4026 τ.
581 3951 642 4021 90.

265 4096 358 4178 ἄλλα
382 4101 420 4177 τί
445 4132 504 4179 uec
530 4106 674 4204 ῥέξαιμι
680 4131 695 4197 ,·
767 4125 772 4128 ’

163 4245 362 4349 quaequod
378 4260 567 4351 optativum
585 4258 691 4328 habet
709 4259 784 4351 ipsa
801 4279 937 4349 quoque
959 4267 1010 4328 est
1031 4235 1198 4327 iudicium
1210 4276 1270 4331 ex·
1292 4346 1294 4350 Α
