2918 4890
423 263 460 353 ⁴⁴
575 312 662 376 mr.
682 311 737 375 m.
783 314 879 377 cur.
901 317 932 380 o.
1240 326 1304 393 ιω

186 496 465 669 ffivitlpipisigius
490 499 524 568 in
545 522 666 572 comm.
688 526 734 572 cr.
755 502 800 572 ad
833 502 925 582 Oed.
948 505 1021 576 col.
1049 507 1135 582 199.
1164 511 1299 589 Mosch.
1421 584 1423 590 ,

237 754 291 850 τρῖ
308 751 343 828 δ’
359 751 428 848 ἒγοί
443 751 488 830 οὐ
504 755 716 852 φθονέοιμι.

185 909 246 977 nisi
259 909 316 978 ille
332 910 464 1003 scripsit
477 905 565 984 οὐδέ
577 905 611 981 ν’
627 903 697 1004 ἐγοί
714 897 928 1006 φθονέοιμι.
954 910 1103 989 Theocr.
1114 913 1222 983 xxll.
1235 913 1296 988 Π.

441 1058 505 1135 οὐκ
520 1059 614 1158 ἄλλῳ
629 1092 670 1158 γε
682 1061 982 1159 μαχισσαίμοοθ’
996 1062 1057 1140 ἐπ’
1070 1059 1202 1161 dioto.

184 1215 324 1285 XXVII.
339 1213 400 1286 60.

234 1362 302 1462 φῄς
314 1394 382 1460 μοι
396 1359 518 1439 πάντα
528 1361 657 1459 δόμεν·
681 1362 777 1458 τοίχα
794 1364 830 1442 δ’
842 1365 996 1461 ὕστερον
1011 1364 1093 1441 οὐδ’
1107 1365 1178 1443 ἄλο
1188 1367 1292 1469 δοίης.
1394 1432 1405 1451 ,,

283 1520 352 1605 Qui
365 1529 478 1590 autem
494 1520 561 1588 loci
577 1543 646 1588 nou
663 1521 834 1590 debebant
851 1519 980 1609 afferri,
1006 1521 1042 1589 hi
1058 1531 1149 1590 sunt:
1178 1522 1291 1617 primo

180 1620 239 1689 ubi
254 1625 423 1713 optativus
442 1625 586 1715 optantis
598 1634 663 1693 est:
684 1624 795 1716 Soph.
811 1625 864 1693 Ai.
878 1621 966 1697 9⁰4.
980 1648 1077 1693 meae
1094 1624 1148 1693 ed.
1164 1625 1289 1696 Aesch.

85 1733 87 1736 ’
179 1725 248 1817 Ag.
271 1724 357 1796 225.
408 1727 540 1795 Deinde
558 1729 593 1795 in
617 1728 737 1819 quibus
758 1727 804 1801 ἄν
822 1728 946 1796 idonea
965 1728 1120 1796 codicum
1142 1729 1290 1797 auctori·

179 1835 247 1895 tate
262 1828 424 1914 firmatur,
449 1832 534 1899 utin
550 1832 635 1902 Plat.
648 1831 793 1899 Theaet.
808 1854 843 1922 p.
861 1828 945 1900 166.
960 1831 1002 1899 A.
1022 1831 1081 1899 ubi
1096 1830 1172 1898 cod.
1187 1831 1289 1902 Bodi.

179 1939 385 2020 etquattuor
402 1956 444 2002 ex
463 1935 627 2002 tredecim
647 1933 799 2002 Bekkeri
818 1934 927 2018 libris,
954 1944 987 2002 et
1004 1933 1132 2024 Cratyl.
1145 1933 1232 2004 997.
1245 1936 1287 2007 Α.

177 2035 237 2101 ubi
251 2036 342 2105 idem
362 2035 464 2104 Bodl.
482 2046 516 2104 et
532 2060 575 2106 ex
591 2036 822 2130 duodeviginti
835 2035 986 2104 Bekkeri
1005 2036 1096 2104 libris
1112 2059 1171 2104 sex
1187 2047 1287 2106 tuen-

177 2146 232 2205 tur
247 2136 303 2212 ὀίν.
355 2139 448 2206 Tum
466 2140 575 2230 Soph.
592 2138 682 2212 Oed.
706 2138 781 2208 Col.
796 2137 856 2206 42.
873 2140 931 2206 ubi
945 2139 1022 2207 vide
1042 2162 1131 2230 quae
1153 2143 1287 2209 notavi-

51 2303 53 2307 .
177 2264 261 2311 mus,
286 2243 395 2310 Porro
403 2242 579 2336 Aristoph.
595 2245 659 2313 Ar.
675 2240 760 2311 180.
775 2243 836 2310 ubi
852 2242 1067 2311 scribendum
1076 2241 1209 2310 videtur
1223 2239 1286 2324 oic-

177 2370 244 2438 περ
265 2345 345 2440 εἴπῃ
362 2371 426 2426 τις.
479 2346 586 2439 Apud
608 2344 818 2438 Aeschylum
840 2344 964 2439 Suppl.
978 2339 1066 2420 735.
1087 2345 1217 2422 facilior
1236 2354 1286 2416 est

175 2446 339 2517 Erfiudtii
355 2449 567 2534 coniectura,

229 2603 310 2684 ἴσως
324 2595 394 2701 γοίρ
410 2601 455 2675 ἄν
468 2596 578 2702 oripo}
593 2631 648 2686 τις
662 2602 684 2703 ἢ
699 2604 855 2702 πρέσβυς
867 2596 995 2697 μόλοι·

176 2779 381 2846 quamquam
405 2781 474 2826 non
497 2758 728 2826 contenderim
747 2780 816 2825 non
838 2755 988 2848 potuisse
1009 2754 1115 2823 omitti
1137 2754 1193 2827 ἄν.
1244 2757 1283 2826 In

174 2859 293 2952 Eurip.
314 2860 451 2928 Heracl.
473 2857 559 2930 52⁸6.
576 2861 762 2955 particulae
778 2860 816 2933 δὲ
836 2857 896 2930 καί
915 2857 1055 2950 μᾶλλον
1069 2858 1215 2943 faciunt,
1245 2869 1283 2927 ut

174 2985 242 3030 non
258 2962 357 3031 vaide
372 2963 579 3033 laudandum
595 2975 714 3057 putem
733 2964 963 3056 scaligerum,
991 2961 1048 3050 qui
1069 2964 1201 3057 πρέποι
1215 2985 1281 3053 pro

172 3067 303 3235 pipir'uec
320 3059 548 3239 ἐοῐῖίίνοοὲορπ
563 3069 783 3240 diudicoperit.
823 3063 1280 3238 νῦῧθξορρῐίρέαέρρρς.1ξίθὶι2.

231 3192 458 3239 euaeano
493 3195 562 3240 vta
599 3196 677 3241 eum
707 3194 854 3241 ocum.
952 3219 960 3235 .
1137 3220 1145 3236 .
1262 3206 1281 3220 -

173 3192 336 3360 queiiiud
353 3270 457 3343 valde
470 3276 591 3362 miror,
616 3263 711 3366 quod
726 3299 763 3366 p.
784 3271 871 3341 134.
890 3295 912 3338 a
927 3271 1115 3340 Schaefero
1129 3271 1163 3338 in
1185 3282 1281 3341 erro-

171 3397 244 3442 rem
258 3375 382 3445 abduci
398 3401 434 3446 se
447 3401 564 3470 passus
577 3389 626 3448 est
641 3377 818 3470 Reisigius.
860 3375 950 3443 Nam
964 3372 1057 3464 quod
1074 3375 1131 3442 ilie
1149 3375 1194 3442 ad
1208 3375 1280 3443 Po·
1390 3448 1392 3452 ,

173 3477 299 3570 sidippi
311 3503 445 3548 versum
458 3482 493 3548 in
505 3482 606 3551 Poesi
620 3504 734 3576 gnom.
750 3504 787 3573 p.
801 3475 886 3548 195.
903 3476 999 3564 dicit,
1025 3477 1059 3546 in
1073 3477 1184 3546 verbis

222 3631 330 3728 ποίην
346 3660 403 3714 τις
420 3626 567 3728 βιότοιο
582 3628 682 3732 τοίμῃ
699 3632 847 3730 τρίβον,

170 3794 206 3853 ut
220 3787 354 3956 exdcod.
378 3789 483 3859 edidit
499 3788 700 3878 BruuckiuS,
727 3789 914 3883 optativum
932 3781 1070 3854 defendi
1090 3781 1279 3854 Metrodori

169 3912 253 3980 paro
278 3913 327 3976 ra,
436 3931 440 3940 ·

95 4116 99 4126 ,
220 4043 398 4141 παντοίην
413 4038 560 4138 βιότοιο
577 4039 710 4141 τοίμοις
724 4045 870 4143 τρίβον,
1010 4090 1014 4095 -

168 4220 384 4290 nequaquam
398 4223 515 4269 verum
532 4210 592 4270 est.
613 4216 614 4221 ’
643 4201 868 4297 Posidippum
881 4199 988 4284 enim,
1016 4207 1053 4266 ut
1072 4195 1129 4286 qui
1146 4189 1278 4261 delibe-
1348 4259 1352 4269 ,

167 4311 274 4390 raret,
308 4304 518 4373 coniunctivo
546 4305 593 4373 uti
621 4327 759 4374 necesse
782 4313 873 4387 erat3
905 4301 1125 4371 Metrodorus
1155 4304 1277 4381 autem,

993 4419 1069 4490 Lr
