2918 4890
233 295 301 381 ψ
463 287 893 352 nnnussslantculs
916 286 1068 352 ELEGI.

237 505 353 552 earum
364 503 488 550 vocum
508 480 798 570 formularumqne
810 502 908 547 nsum
929 485 964 547 et
979 485 1182 571 potestatem
1197 498 1265 546 non
1284 500 1348 547 re-

237 587 401 678 spiciunt,
427 608 514 675 quae
530 585 623 675 quod
638 586 862 678 pervulgatae
875 592 962 669 sunt,
988 582 1069 650 nibil
1084 581 1153 649 vitii
1171 581 1347 651 continere
1414 639 1416 643 ,

236 697 413 782 putantur,
440 698 475 756 et
493 699 626 776 umen,
655 688 734 777 qnia
747 688 824 756 loco
842 708 913 754 non
929 708 991 754 suo
1005 694 1082 753 sunt
1096 683 1252 776 scriptae,
1277 707 1346 752 nec

237 793 364 861 debent
375 814 438 858 nec
452 800 590 883 possunt
603 791 693 858 ferri.
747 790 820 860 Sed
838 791 898 858 etsi
913 799 1093 878 utrumqne
1106 811 1215 880 genus
1230 788 1276 855 ita
1291 797 1346 857 est

236 908 484 987 comparatum,
511 903 549 962 ut
562 895 658 962 vitari
679 894 804 985 possit,
831 893 859 961 si
879 894 953 983 quis
970 902 1067 959 caute
1092 892 1170 960 satis
1192 891 1342 958 circum-

235 1008 420 1090 specteque
433 997 622 1090 procedat,
644 1007 758 1065 tamen
774 997 869 1064 vel
843 1020 892 1064 src
911 997 944 1063 in
961 993 1243 1064 Hermesianactis
1263 995 1344 1084 qui-

236 1102 315 1171 dem
332 1101 437 1193 elegis
455 1101 613 1169 nonnulla
628 1101 867 1190 relinquentur,
893 1121 991 1189 quae,
1016 1099 1078 1203 nisi
1066 1097 1249 1166 codicum
1263 1121 1343 1166 me·

235 1205 356 1273 liornm
377 1226 466 1296 ope,
497 1205 604 1272 sanari
625 1212 811 1294 nequeant,
836 1203 875 1270 iis
895 1184 1129 1295 praesertim
1119 1224 1155 1270 ιιι
1177 1201 1343 1286 Ιοαίι,ἱιι

237 1308 371 1398 quibus
381 1309 437 1375 vel
457 1330 511 1376 rea
531 1307 634 1376 bodie
657 1309 794 1400 ignotae
816 1307 1057 1398 respiciuntur,
1089 1306 1144 1374 vel
1164 1304 1343 1374 hominnm

236 1412 431 1480 locorumve
447 1412 582 1479 nomina
596 1411 806 1480 inveniuntur
820 1410 991 1478 mendosa.
1043 1408 1158 1494 Quin
1149 1431 1184 1476 ιιι
1199 1409 1343 1478 caeteris

237 1515 339 1583 etiam
350 1536 419 1582 non
426 1523 632 1606 pancasnnt,
656 1515 690 1582 in
707 1515 827 1604 quibus
836 1536 903 1581 ιιοιι
918 1514 1005 1581 ultra
1013 1513 1206 1605 opinionem
1221 1519 1255 1580 et
1264 1511 1338 1580 veri

236 1618 378 1686 similem
396 1619 623 1686 coniecturam
636 1617 801 1711 progredi
815 1617 923 1688 liceat.
978 1617 1094 1702 Quare
1114 1616 1141 1685 si
1158 1601 1226 1709 ego
1249 1638 1334 1706 qno·

236 1744 305 1812 qne
323 1730 485 1810 qnantum
508 1720 659 1813 quidem,
667 1722 797 1814 possim
821 1719 867 1788 ad
885 1720 983 1789 buius
1006 1721 1159 1789 constitui
1182 1710 1337 1788 carminis

236 1824 506 1894 emendationem
530 1825 703 1910 conferre,
738 1825 787 1894 sic
810 1824 910 1892 velim
936 1824 1133 1905 existimari,
1163 1823 1252 1891 viam
1280 1846 1338 1892 me

235 1930 350 2022 potins
365 1928 557 2021 corrigendi
570 1929 717 2019 aliquam
729 1929 764 1998 in
779 1928 952 2021 plerisque
967 1929 1049 1996 locis
1060 1928 1205 1997 voluisse
1220 1935 1338 1996 osten-

210 2033 340 2127 4dere,
366 2054 468 2122 qnam
482 2041 573 2101 certa
589 2041 711 2124 putare
728 2040 965 2124 corruptorum
985 2031 1137 2100 remedia
1157 2030 1338 2122 reperisse,

233 2137 498 2258 gavisurumqne
516 2137 629 2228 potius
655 2158 746 2224 esse,
770 2158 796 2204 ιι
786 2135 955 2204 meliora
972 2135 1046 2224 quis
1069 2134 1208 2222 afferat,
1233 2156 1339 2224 qnam

232 2240 306 2333 ipse
328 2262 416 2330 qnae
429 2240 613 2308 invenerim
630 2239 856 2309 defensurum.
909 2232 1020 2336 Μόνη
1040 2231 1110 2361 yolo
1127 2239 1251 2330 ἔμοιγε
1266 2241 1337 2311 do-

233 2349 291 2415 uri
306 2345 400 2424 ἴασις
407 2339 623 2462 ἁμαρτίαι,
649 2340 842 2435 ὁμολογεῖν
857 2369 898 2414 τι
914 2334 1131 2438 ἁμαρτόντα
1151 2367 1211 2414 ναι
1203 2339 1337 2430 δῆλον

221 2441 329 2540 ιῖναι
357 2440 416 2518 ἐπ
438 2441 558 2537 ariao
564 2439 898 2545 μεταγινώσκοντα.
911 2444 950 2533 *)
1001 2446 1092 2539 Nam
1112 2467 1172 2512 sua
1201 2443 1336 2513 inventa

233 2547 388 2615 omnibus
402 2547 511 2615 modis
527 2556 643 2616 tenere
659 2570 727 2616 non
743 2540 852 2615 solum
865 2548 944 2617 vel
933 2548 1071 2641 ineptae
1085 2546 1253 2629 vanitatis,
1279 2546 1336 2616 vel

232 2648 343 2742 inopis
359 2651 555 2742 superbiae,
576 2651 632 2720 vel
649 2650 791 2720 stolidae
814 2651 1042 2743 pervicaciae,
1072 2651 1128 2720 vel
1149 2650 1257 2741 turpis
1279 2648 1335 2719 in-

232 2753 359 2836 vidiae,
380 2753 442 2822 sed
456 2756 590 2823 omnino
606 2755 794 2824 dementiae
806 2777 880 2824 esse
894 2755 1047 2824 arbitror.
1099 2753 1172 2843 Sed
1185 2753 1230 2822 de
1245 2752 1336 2821 Her·

226 2857 439 2927 'mesianactis
466 2860 618 2928 versibus
641 2880 710 2948 qno
737 2858 945 2927 commodius
971 2859 1038 2926 dici
1061 2857 1187 2949 possit,
1218 2857 1336 2948 ipsum

232 2961 348 3050 placet
363 2961 593 3053 fragmentum
608 2963 672 3046 sic,
699 2970 737 3029 nt
754 2962 789 3028 in
804 2962 1036 3052 antiquissimis
1057 2961 1149 3029 libris
1169 2959 1335 3051 scriptum
1408 3014 1412 3019 .

232 3072 302 3148 est,
334 3087 610 3156 supraponere,
640 3065 679 3133 iis
703 3072 833 3133 tantum
856 3065 1003 3158 receptis
1031 3063 1334 3151 emendationibus,

232 3187 320 3257 qnae
333 3167 424 3235 omni
441 3168 505 3236 sint
520 3167 726 3237 dubitatione
743 3191 880 3238 vacuae.

258 3425 260 3428 .
337 3356 427 3451 Οιην
437 3353 506 3448 μὲν
522 3352 677 3449 plloc‘
639 3381 716 3436 νιος
730 3348 908 3452 ἀνήγαγεν
925 3346 1102 3478 Οἴαγροιο
1168 3343 1171 3350 ’

383 3452 605 3579 Αγριόιιην,
631 3457 801 3556 Θρῆσσαν
822 3451 1055 3549 στειλάμενοι
1068 3448 1245 3553 κιθάρην,

332 3552 488 3656 nitidulus,
515 3561 685 3636 ἔπλευσαν
706 3561 745 3636 dl
761 3555 872 3637 ναιιόν
889 3588 949 3634 ναι
941 3557 1123 3670 ἀπειθιέα
1141 3558 1277 3656 χαῖρον.

229 3794 437 3810 w

313 3946 349 4032 s)
371 3948 489 4012 Arrian.
504 3949 542 4012 de
555 3931 666 4032 exped.
680 3949 767 4012 Alex
782 3949 852 4011 v11.
867 3953 920 4018 29.

313 4071 344 4131 3.
367 4069 547 4177 Suspectum
576 4068 674 4130 habeo
705 4062 836 4132 ἄπειθὲα
861 4073 989 4170 χῶρον.
1016 4067 1172 4154 Quantum
1196 4063 1330 4144 intersit,

228 4159 332 4212 utrum
353 4157 450 4234 χώρας
475 4177 511 4215 an
524 4150 624 4235 Ἀΐδης
642 4155 760 4216 dicatur
776 4149 927 4236 ἅπειθής,
949 4174 1037 4214 nemo
1056 4148 1221 4216 nonvidet.
1265 4150 1330 4211 Ma·

109 4282 111 4287 .
227 4237 281 4298 lim
302 4232 494 4320 απευθέα,
469 4261 534 4303 aare
549 4241 576 4302 is
589 4241 763 4322 ignorabilis
776 4239 1049 4321 intelligendus,
1024 4259 1090 4302 srve
1110 4258 1150 4301 ex
1167 4258 1228 4320 qno
1244 4236 1328 4298 nulla

226 4324 310 4385 venit
322 4325 409 4386 fama.
