2918 4890
461 272 512 334 DE
530 271 715 337 Mnnsvnn
728 270 953 347 vnnlstVE
972 267 1021 336 άν.
1227 280 1292 344 381

188 488 243 534 sus
264 464 443 552 sententia,
475 465 565 532 mala
587 461 821 534 emendatione
848 463 956 544 facta,
989 463 1092 556 longe
1124 466 1290 537 aberravit

188 569 344 658 Grotius,
379 591 484 658 quum
509 569 624 640 vertit:

245 802 250 813 ¹
341 743 424 791 cnm
438 743 506 814 qao
520 720 706 792 sicamina
724 718 884 811 reliqaoo
899 721 1186 813 comparaveris.

185 876 306 966 Neque
322 875 409 942 enim
425 874 606 942 obscurum
622 881 689 960 est,
715 872 836 940 decem
855 874 1008 964 priorum
1020 897 1178 942 versuum
1198 875 1287 945 hanc

186 1003 260 1047 esse
279 979 490 1046 sententiam:
518 986 554 1046 et
566 985 643 1046 tnm
662 997 735 1044 non
755 997 870 1067 aeque
883 975 986 1046 nobie
1001 976 1088 1046 bene
1105 989 1161 1048 eat
1177 989 1288 1072 atque

185 1104 302 1151 sacra
317 1076 515 1175 sacimas?
546 1079 842 1172 qnandoquidem
865 1079 938 1154 diis
959 1081 1021 1149 vin
1043 1082 1170 1151 decem
1191 1084 1286 1152 dra·
1413 1107 1417 1117 ·

185 1185 301 1254 clamis
314 1195 474 1278 emptam
491 1184 671 1253 oviculam
686 1184 793 1273 daco,
803 1180 972 1252 tibicinas
981 1193 1115 1275 antem,
1125 1209 1287 1279 ungnen-

185 1299 278 1377 tnm,
300 1288 506 1384 fidicinas,
542 1286 733 1373 dicaciam,
771 1285 981 1380 anguillas,
1015 1310 1182 1375 caecam,
1214 1291 1286 1359 mel

185 1393 420 1486 comparanti
446 1413 541 1484 pene
564 1391 743 1460 talentum
760 1388 818 1484 fit
839 1390 947 1458 ratio.
1009 1390 1151 1461 Bonam
1178 1415 1286 1484 qaam

184 1498 309 1568 decem
320 1495 590 1564 drachmarum
604 1495 775 1586 accipere
790 1515 1019 1586 noaathnam
1034 1495 1093 1581 sit,
1109 1496 1142 1564 ai
1149 1496 1203 1564 sic
1214 1498 1286 1566 rito

183 1601 256 1669 diia
276 1621 393 1669 sacra
406 1598 529 1695 finnt,
553 1620 629 1691 pro
648 1597 723 1665 illia
746 1606 868 1666 antem
886 1598 939 1665 ad
953 1598 1046 1667 haec
1062 1599 1173 1668 etiam
1189 1601 1282 1668 mal-

183 1703 277 1786 lari,
322 1704 501 1795 quomodo
529 1724 602 1771 non
631 1701 845 1794 duplicatur
871 1722 946 1794 pro
977 1703 1098 1772 sacris
1118 1699 1284 1773 malam?

181 1807 236 1875 Ex
255 1807 307 1874 his
329 1807 558 1897 consequitur,
588 1805 657 1876 hoc
677 1805 751 1872 fere
776 1804 879 1873 modo
901 1827 1016 1874 versus
1039 1806 1112 1876 illos
1134 1808 1283 1876 scriben-

181 1911 243 1982 dos
268 1933 358 1981 esse:

345 2056 416 2136 εἶτ’
434 2057 501 2152 οὐχ
520 2055 634 2154 ὅμοια
648 2052 862 2156 πράττομεν
879 2057 939 2130 ani
955 2052 1118 2152 θάομενς
1187 2089 1193 2106 ’

343 2179 438 2260 ’ὅπου
453 2208 493 2274 γε
507 2185 585 2262 τοῖς
600 2183 701 2260 θεοῖς
712 2177 782 2270 μέν
797 2174 1049 2275 ἠγορασμένον

344 2298 516 2396 δραγμάν
535 2295 609 2392 άγω
628 2290 835 2396 προβάτιον
854 2290 1040 2395 άγαπητδν
1060 2293 1161 2368 δέκα·

344 2415 560 2516 αὐλητρίδας
575 2417 613 2492 δέ
629 2415 689 2490 ναὶ
704 2410 824 2514 μάρον
840 2415 899 2490 nai
913 2412 1091 2514 ψαλτρίας

343 2533 554 2632 συνάγοντι,
584 2531 744 2628 Θάσιον,
771 2538 943 2631 ἐγχέλεις,
970 2528 1102 2633 τυρόν,
1126 2534 1229 2628 μέλι,

341 2657 478 2754 μικροῦ
494 2652 677 2731 τάλαντον
693 2655 856 2751 γίγνεται
871 2649 918 2730 τά
937 2650 1033 2729 κατά
1050 2648 1168 2749 λόγον.

342 2775 514 2872 δραχμάν
526 2776 594 2864 μέν
607 2768 753 2871 άγαθάν
766 2773 869 2859 άξισν
885 2773 927 2849 δν
943 2779 1069 2869 λαβεῖν
1085 2777 1169 2848 δέκα

341 2892 458 2990 ἡμᾶς,
482 2889 546 2968 icio
562 2895 623 2968 ναὶ
637 2895 858 2994 καλλιερηθῇ
871 2900 948 2976 τοῖς
968 2899 1087 2984 θεοῖς,

232 3086 233 3090 ,
339 3007 482 3087 τούτων
504 3017 542 3088 δέ
567 3015 626 3087 καὶ
650 3010 740 3114 πρός
762 3011 870 3088 ταῦτ’
885 3011 1025 3089 άνελεϊν
1049 3007 1116 3112 τήν
1134 3009 1277 3110 ζημίαν,

339 3133 411 3214 πῶς
427 3130 507 3224 οὐχὶ
522 3128 568 3209 τά
582 3130 693 3210 nanda
707 3135 781 3210 τάν
795 3134 901 3233 ἱεράν
919 3127 1158 3226 διπλάζεται,ι

172 3313 334 3392 Ἀνελεῐν
356 3319 438 3388 dixit
458 3329 631 3411 tamquam
651 3321 694 3389 de
713 3322 882 3414 praemio:
908 3314 1052 3393 τούτων
1075 3321 1119 3390 de
1134 3328 1277 3409 utroque
1321 3335 1328 3349 “

173 3419 300 3486 dictum
317 3422 467 3507 videtur,
499 3424 594 3514 quod
615 3433 650 3492 et
671 3426 705 3491 in
727 3423 827 3492 saeris
849 3423 985 3492 sordide
1005 3425 1117 3514 parci,
1144 3433 1178 3491 et
1200 3446 1276 3492 suas

171 3524 206 3590 in
228 3524 417 3616 voluptates
439 3526 547 3595 effuse
574 3527 712 3620 prodigi
738 3528 812 3595 sint.
870 3526 978 3613 Hinc,
1010 3525 1069 3592 obi
1095 3518 1142 3598 τά
1164 3519 1275 3599 nanda
1407 3602 1410 3609 ,

170 3621 344 3717 τάγαθοά
382 3623 593 3716 διπλάζεται
631 3630 817 3723 exspectari
856 3636 991 3722 poterat
999 3682 1014 3717 ,
1055 3627 1129 3701 τάν
1168 3626 1275 3724 ἱεράν

50 3728 262 3798 ·dixit

272 3848 326 3917 De
347 3847 399 3917 his
423 3851 690 3939 quattuordecim
718 3852 876 3945 producti
901 3849 947 3924 άν
966 3846 1128 3939 exemplis
1147 3846 1174 3915 si
1189 3869 1273 3938 pro-

168 3951 325 4020 babiliter
345 3953 603 4045 disputavimuS,
631 3963 764 4023 cautum
777 3956 927 4040 videtur,
952 3977 1012 4039 ne,
1039 3951 1167 4041 siquae
1183 3951 1272 4018 forte

168 4055 233 4122 alia
244 4046 471 4146 reperiantur,
499 4057 690 4128 deterreant
709 4060 842 4127 criticos
859 4059 902 4126 ab
922 4054 1143 4124 emendando.
1182 4053 1271 4121 lllud

167 4179 236 4226 non
260 4180 551 4251 supervacaneum
588 4163 651 4233 erit
684 4156 871 4250 addidisse,
913 4157 1144 4230 Alexandrinis
1181 4179 1269 4246 quo-

943 4295 1060 4366 ΒΗ
