2918 4890
179 272 244 336 120
515 265 575 327 DE
608 214 882 328 Pinnem
903 259 951 330 ιν

183 458 330 552 pagina,
362 456 405 524 D.
434 455 496 523 etsi
525 385 643 523 addite
664 455 808 525 timendi
837 456 961 534 verbo
1003 456 1099 524 aliter
1130 457 1297 546 loquitur:

186 560 282 656 ὅμως
299 561 340 633 δι’
357 584 423 651 μοι
434 561 550 639 δοκεῖς
573 551 617 630 σιί
633 586 675 632 τε
687 587 748 632 και
739 558 930 652 Σιμμίας
948 556 1095 654 ἡδέως
1071 587 1118 631 αν
1137 561 1295 633 καὶτοῦ

186 691 254 739 τον
286 653 704 782 διαπραγματειίσασδαι
731 656 797 735 τόν
825 655 980 752 λόγον
959 690 1013 734 ετι
1039 663 1203 754 μᾶλλον,
1238 661 1297 737 καί
1360 672 1362 674 ’

188 766 359 853 δεδιέναι,
388 757 434 836 τδ
449 763 523 835 τοῖν
538 761 687 841 παίδων,
715 757 768 860 μή
781 793 825 845 ως
843 760 1021 890 (ἐδηδώς
999 791 1019 837 ο
1037 761 1171 856 ἄνεμος
1185 759 1298 859 αὐτην

188 868 459 961 ἐκβαίνουσαν
442 893 479 938 εκ
493 865 562 938 τοῦ
576 861 742 956 σώματος
757 865 922 960 διαοοσᾷ
937 894 996 938 και
988 861 1297 941 διασκεδοίννοσο

189 972 256 1041 Vbi
276 970 332 1037 vel
356 964 563 1061 additum
536 995 581 1048 ως
602 964 746 1064 άληθῶς
768 968 908 1053 indicat,
942 991 1010 1035 non
1031 978 1101 1036 tam
1130 970 1174 1038 de
1197 977 1299 1056 metu,

191 1096 295 1164 quam
311 1072 355 1139 de
371 1071 527 1162 opinione
543 1071 695 1163 cogitari
749 1058 820 1164 Μη
835 1070 999 1163 particula
1017 1081 1129 1138 autem
1145 1072 1300 1140 eamdem

97 1210 102 1221 ·
192 1177 356 1244 rationem
374 1173 496 1261 habet,
523 1173 567 1240 de
588 1197 655 1263 qua
678 1173 746 1240 dixi
768 1173 813 1240 ad
835 1173 1014 1242 Aiacem
997 1197 1027 1241 v.
1044 1172 1129 1242 272.
1156 1177 1210 1242 Ex
1232 1197 1299 1264 quo

140 1268 143 1277 ¹
193 1286 355 1370 apparet,
394 1277 465 1344 falli
495 1276 750 1362 Heindorfium‚
791 1277 912 1366 quip.
935 1273 995 1344 94
1030 1271 1301 1349 διασκεδοίννσσι

194 1391 229 1449 et
248 1379 410 1500 διαφοσᾷ
431 1380 659 1444 coniunctivos
679 1401 752 1445 esse
771 1379 921 1469 putavit,
946 1388 984 1446 ut
1010 1378 1237 1447 coniunctivus
1252 1388 1302 1446 est

193 1472 514 1564 δνασκεδοίννοται,
539 1479 707 1568 producta
720 1482 914 1572 penultima.

294 1582 402 1673 Igitur
424 1581 552 1648 consilii
577 1581 748 1649 indicandi
770 1604 888 1650 caussa
917 1602 1023 1670 quum
1046 1578 1286 1672 particulae‘
1258 1608 1303 1660 ως

193 1681 274 1761 et*
252 1710 346 1763 οπως
369 1683 580 1752 coniunctivo
606 1686 855 1770 consociantur,
881 1682 908 1750 si
931 1682 1028 1751 deest
1045 1680 1090 1754 ἄν
1099 1737 1113 1771 ,
1140 1684 1302 1775 simplici-

192 1798 246 1856 ter
259 1785 452 1854 enunciatur
468 1781 657 1870 consilium
688 1788 716 1855 si
731 1786 897 1870 adiicitur,
923 1785 1049 1874 aliquid
1063 1785 1189 1854 fortuiti
1203 1809 1302 1853 acce-

138 1886 140 1891 ’
192 1890 260 1972 dit,
287 1889 382 1978 quasi
401 1887 492 1955 dicas
511 1897 550 1958 αι
574 1889 642 1970 sit,
668 1889 700 1957 εί
716 1889 772 1958 sit.
824 1889 864 1956 ln
887 1888 1004 1979 primis
1025 1887 1166 1956 idoneus
1185 1899 1237 1956 cst
1260 1888 1303 1954 ad

193 1992 280 2061 hanc
302 2013 376 2059 rem
394 1989 689 2060 demonstrandam
705 1991 869 2082 Aeschyli
883 1990 1004 2059 locus
994 2013 1029 2057 m
1044 1989 1201 2085 Choeph.
1215 1990 1303 2060 983.

298 2140 480 2217 ἐκτείνατ’
493 2138 606 2218 αὐτόν
620 2172 678 2218 και
670 2138 804 2239 κύκλῳ
820 2136 1059 2240 παρασταδόν
1158 2171 1161 2177 ·

158 2306 160 2310 .
299 2246 522 2341 στέγαστρον
539 2244 680 2342 οίνδροίν
695 2243 858 2336 δείξαθ’,
886 2244 931 2328 οἷς
945 2249 1002 2342 ἴδῃ
1017 2272 1138 2367 πατηρ

300 2343 367 2436 οὐχ
381 2343 516 2436 ου’μός,
544 2346 662 2422 ἀλλ’
641 2341 789 2422 οποίντ’
805 2343 1013 2422 ἐποπτεύων
1029 2341 1119 2429 τάδε

290 2548 345 2630 cic
359 2549 405 2622 οίν
399 2553 519 2673 παρῇ
537 2578 605 2645 μοι
622 2547 762 2647 μάρτυς
777 2557 816 2624 ἐν
833 2553 911 2649 δίκῃ
927 2553 1037 2642 ποτε,

300 2650 345 2732 cic
362 2645 499 2726 τόνδ’
481 2683 548 2746 εγω
541 2649 753 2752 μετῆλθον
768 2627 908 2736 ἐνδίκως
921 2648 1040 2752 μόρον

299 2748 366 2829 τόν
381 2751 529 2854 μητρός

201 2912 394 2984 ostendite
407 2912 589 3001 velamen,
616 2921 657 2982 ιιι
671 2912 798 2984 videat
817 2909 897 3000 soz,
923 2911 956 2982 ίο
978 2911 1137 3001 etmihi,
1163 2913 1191 2982 si
1210 2911 1309 2998 forte,

200 3018 303 3088 testis
320 3014 423 3085 adsit
438 3013 474 3082 in
489 2966 634 3084 ίαάίδίο.
687 3017 776 3084 Nam
792 3038 977 3108 expansum
992 3016 1146 3085 velamen
1163 3015 1227 3084 Sol
1241 3037 1309 3083 non
1357 3058 1360 3062 -

199 3130 313 3212 potest
336 3141 405 3186 non
425 3115 558 3203 videre,
584 3116 744 3186 iudicium
765 3128 877 3186 autem
895 3119 1045 3186 nondum
1060 3120 1106 3187 ite
1128 3126 1222 3186 certo
1243 3120 1309 3185 im-

200 3223 320 3306 minet,
350 3228 471 3288 uttam
488 3220 695 3289 confidenter
711 3222 755 3290 dc
769 3221 902 3290 edendo
919 3223 1107 3292 testimonio
1120 3222 1213 3310 loqui
1224 3242 1310 3313 pos·

201 3327 252 3394 sit.
303 3324 423 3413 ltaque
441 3319 485 3402 οίς
499 3325 557 3419 ἴδῃ
578 3322 674 3414 dicit,
701 3324 863 3415 quiahoc
878 3325 989 3416 ipsum
1008 3333 1101 3392 certo
1117 3346 1310 3412 consequu-

201 3438 314 3497 tur'um
333 3425 486 3516 intelligit
514 3436 552 3492 ut
579 3426 692 3495 videat
715 3428 795 3510 Sol;
826 3425 887 3497 scd
906 3425 950 3509 cic
975 3425 1020 3500 οἶν
1039 3421 1180 3523 μοίρτνς
1200 3426 1310 3520 παρῇ,

202 3532 281 3622 quia
293 3529 329 3598 id
352 3529 400 3598 sic
416 3537 545 3595 tantum
565 3531 657 3612 vult,
687 3531 714 3598 si
737 3553 825 3621 opus
842 3538 900 3596 aut
916 3531 1141 3599 necessarium
1157 3529 1208 3597 sit
1259 3529 1312 3596 lta

203 3631 248 3712 οίς
263 3633 332 3701 sine
358 3630 405 3702 οίν
428 3629 554 3698 dictum
576 3632 740 3700 invenitur
760 3632 854 3724 apud
874 3634 1032 3702 eumdem
1054 3641 1193 3723 poetam
1213 3632 1248 3700 S.
1266 3631 1312 3698 ad

202 3733 316 3802 Theb.
337 3732 425 3815 633,
443 3733 536 3801 Pers.
555 3731 642 3801 694.
659 3736 782 3828 Agam.
803 3733 914 3807 1362.
936 3734 1094 3827 Choeph.
1115 3734 1202 3807 733.
1224 3731 1311 3802 265.

204 3833 495 3910 269.Ειιιιι.616.
507 3835 593 3906 632.
603 3833 786 3910 (istm.
804 3835 1118 3928 Supp1.328.492.
1136 3836 1312 3928 Cumpar-

134 3954 139 3961 “
203 3938 306 4006 ticula
328 3937 373 4010 οίν
393 3947 507 4008 autem
528 3941 641 4010 Prom.
666 3940 726 4009 10.
748 3936 835 4006 655.
856 3935 943 4008 105.
966 3939 1124 4032 Choeph.
1142 3938 1201 4010 18.
1223 3935 1311 4017 554.

205 4040 328 4134 Suppl.
346 4036 433 4108 562.
453 4041 539 4109 527.
575 4041 740 4112 Omnibus
752 4043 806 4122 his
824 4042 859 4109 in
872 4044 965 4131 locis,
986 4042 1045 4132 qui
1057 4043 1229 4129 attendere
1248 4066 1312 4110 vo-

197 4144 311 4232 luerit,
328 4141 427 4212 facile
441 4144 615 4238 intelliget,
632 4168 692 4215 cur
707 4147 761 4215 vel
769 4144 883 4214 addita
892 4147 943 4216 vei
953 4140 1074 4215 omissa
1087 4146 1127 4216 sit
1139 4146 1311 4240 particula„
1385 4238 1388 4245 A
