3262 5044
281 333 344 395 mo
442 357 448 384 ι
481 295 490 308 ’
614 333 672 393 nn
705 333 979 396 ennmcvnt
1001 328 1051 400 ει

247 592 252 610 2
279 521 391 613 primu
405 501 613 614 ¹ptitissimum
627 464 952 617 perso66elucescit.
981 523 1050 600 od.
1066 522 1200 599 6686.
1226 525 1389 595 Antinous

279 625 489 696 Telemacho
507 626 639 696 insidias
657 627 832 697 struendas
849 652 1009 718 oensem,
1035 631 1082 697 ito
1096 630 1261 720 loquitur·

330 788 423 867 οἱλλοί
448 798 622 917 ηνθέονμεν
648 795 835 880 ἑλόντες
815 795 877 872 αι’
904 795 1021 894 α’γροίί
1049 791 1160 892 νόσφι
1187 792 1337 897 πόληος,

330 896 417 992 ἢέν
445 897 535 994 ὁδῷ·
562 898 754 995 βίοτονδ
781 897 890 976 αὐτοί
916 902 982 974 καί
1000 896 1160 1000 κνήμας
1187 901 1337 992 ἔχωμεν,

330 995 555 1093 δασσόμενοι
582 998 677 1076 κακοί
702 1010 839 1134 μοῖραν
865 1001 929 1100 ἐφ
945 1001 1085 1127 ,ἡμέας
1113 999 1272 1076 οἰκίαδ
1300 997 1389 1076 οὔτε

329 1104 449 1176 κείνου
475 1109 608 1204 μητέρι
636 1109 809 1200 δοῖμεν
788 1135 903 1198 εχειν,
932 1102 991 1203 66'
1018 1105 1112 1188 ὅςτις
1138 1102 1272 1181 ὀπυίοι

278 1273 498 1374 Coniunctivi¹
511 1277 783 1347 adhortationem
807 1278 996 1346 continent:
1030 1277 1141 1345 occidi
1166 1278 1254 1344 enim
1281 1277 1387 1346 Teic-

276 1378 446 1462 mochum,¹
458 1372 625 1472 “opesque
642 1383 713 1451 eius
728 1380 841 1467 dividi,
867 1381 904 1448 id
918 1379 1076 1470 estquod
1089 1380 1192 1452 iubet.
1245 1379 1299 1448 De
1318 1381 1386 1448 Pe-

276 1483 401 1574 nelope
429 1505 511 1551 vero
532 1485 600 1552 iam
621 1507 688 1552 non
716 1485 884 1576 praecipit
903 1485 1107 1574 quidquam,
1134 1483 1196 1550 scd
1214 1484 1386 1574 proponit,

275 1584 358 1673 quid
373 1586 447 1654 fieri
460 1586 589 1678 cupiat:
617 1589 764 1656 domum
780 1588 896 1656 matri
908 1588 984 1673 ciue
1004 1587 1096 1658 duri
1110 1586 1225 1656 velim.
1253 1585 1385 1659 iliade.

174 1751 179 1758 .
275 1684 335 1757 45.
363 1689 447 1757 luno
465 1691 533 1758 lovi
548 1690 594 1758 de
613 1692 773 1783 Neptuno
788 1690 885 1760 dicit:

217 1871 221 1878 '
325 1846 446 1960 66666
461 1888 522 1934 τοι
536 1860 596 1933 καί
609 1859 712 1956 κείνῳ
730 1867 796 1956 ε’γω
789 1846 1153 1961 παραμυθησαίμην

326 1964 374 2061 τῇ
391 1965 491 2058 ίμεν,
516 1961 614 2062 ἧκεν
634 1958 680 2062 66
694 1959 752 2054 66,
779 1963 1052 2062 κελαινεφὲς,
1029 1957 1255 2062 ημεμονεόῃς.

282 2133 393 2203 Velim
412 2129 468 2206 illi
480 2137 652 2208 euadere.
705 2136 810 2224 Quod
824 2159 891 2205 non
907 2146 958 2206 cst
971 2137 1018 2204 ita
1039 2137 1231 2204 dubitanter
1246 2134 1384 2216 dictum,

272 2247 309 2305 ut
322 2239 349 2306 si
363 2237 409 2310 66
426 2249 515 2307 esset
530 2239 701 2325 additum,
729 2263 796 2330 qua
808 2241 974 2332 particula
989 2239 1138 2308 conditio
1151 2239 1263 2329 aliqua
1279 2239 1384 2332 signi-

271 2341 447 2433 ficaretur,
473 2351 512 2410 nt
526 2344 561 2410 in
577 2344 699 2412 eadent
718 2345 914 2420 orationev.
932 2341 993 2412 39.
1105 2361 1110 2373 ·

275 2783 358 2855 Noc
387 2787 559 2857 tenere
545 2809 731 2872 curarem,
766 2785 838 2856 κίον’
859 2805 953 2853 vera
974 2784 1145 2855 dicerem.
1197 2786 1236 2853 ln
1266 2787 1382 2877 primis

270 2899 388 2982 aptum
430 2899 481 2958 est
515 2891 594 2960 huic
634 2838 816 2960 discrimini
851 2888 1048 2958 illustrando
1088 2888 1171 2958 illud
1206 2889 1382 2958 Theocriti

267 2993 392 3062 XXIX.
410 2992 470 3062 ³6.

323 3146 389 3218 666
404 3143 571 3242 με’νλιήπί
587 3140 637 3218 τοί
650 3140 784 3242 χρύσεα
799 3141 930 3271 μόλ’
908 3174 1024 3221 ονεκεν
1043 3148 1152 3220 σέθεν

321 3248 450 3370 βαίην,
476 3250 537 3321 καὶ
553 3242 714 3345 φύλακον
730 3245 863 3322 νεκόων
877 3243 970 3322 πεόιί
983 3253 1194 3375 K6666606·

322 3346 414 3424 τόκα
431 3349 467 3424 6'
484 3349 570 3426 0666
586 3353 810 3476 καλοῦντος’
792 3379 837 3426 en
843 3348 1026 3433 αὐλείαις
1040 3347 1173 3476 θόηαις
1322 3443 1325 3452 ¹

321 3449 551 3550 προμόλονμί
563 3483 620 3545 κε,
648 3447 878 3550 παυσάμενος
894 3457 1037 3546 χαλεποό
1052 3451 1170 3530 πόθον
1267 3515 1274 3528 .

269 3609 513 3701 Aeschinesp
535 3607 621 3677 611.
638 3605 741 3699 (5.52
764 3604 801 3704 §‚
822 3607 926 3702 218.)
908 3611 1020 3734 )6yo
1012 3601 1087 3704 66
1109 3602 1277 3690 οόνενοίς
1296 3608 1378 3706 Δη-

269 3715 475 3803 μοσθίνους
504 3612 709 3837 666666666
718 3706 893 3842 ἑζηλωκα,
921 3709 1004 3785 οὔτ’
1027 3710 1084 3831 666
1106 3715 1186 3790 τοῖς
1215 3710 1381 3804 ἐμαυτοῦ
1451 3777 1454 3782 .

271 3809 514 3939 αἰσχύνομαι,
541 3814 628 3888 οότε
640 3809 726 3894 νοός
741 3817 947 3912 εἰρημένους
961 3819 1000 3887 ἐν
1014 3811 1110 3934 ὑμῖν
1115 3808 1277 3904 λόγους’
1259 3839 1378 3907 εμαυ-

122 3935 131 3952 ·
270 3916 325 4009 τῷ
338 3913 517 4040 66666066
531 3915 625 3990 εἶναι
646 3916 861 4016 βουλοίμην,
889 3913 976 3989 οόνε
996 3910 1046 3988 τό
1063 3909 1160 3988 αόνιί
1179 3909 1300 4011 τούτῳ
1317 3918 1377 4013 66-

269 4017 473 4118 μηγορήσας
487 4014 703 4120 ἑδεξοίμην
679 4050 724 4092 αν
737 4021 808 4117 ζῆν.
860 4017 1036 4088 Deesse
1011 4047 1056 4092 αν
1073 4027 1172 4113 putet
1186 4018 1376 4088 Bekkerus.

331 4123 486 4208 Quum
503 4147 754 4214 nonnumquam
769 4123 824 4191 vel
838 4130 982 4215 propter
999 4123 1162 4190 librorum
1178 4122 1376 4214 discrepen-

269 4225 366 4311 tiam,
393 4227 447 4294 vel
464 4237 606 4319 propter
627 4225 809 4296 sententiae
823 4227 986 4294 rationem
1005 4225 1145 4294 dubium
1161 4224 1269 4296 vidciri
1291 4249 1376 4318 pos-

141 4353 143 4358 ·
268 4331 326 4414 sit,
353 4338 464 4398 utrum
482 4330 591 4400 nudus
606 4332 790 4423 optativum
817 4355 859 4399 an
874 4329 966 4398 idem
984 4329 1105 4398 modus
1121 4351 1198 4398 cnm
1211 4330 1377 4422 particula
