2918 4890
326 323 330 330 .
411 241 705 342 monumentum
727 279 840 342 uuus
862 279 1014 354 rmnvs.
1210 285 1275 351 scr

166 477 343 558 monstret,
374 480 561 559 caveatque
581 494 624 538 ne
640 467 792 539 facinora
808 469 930 539 afferat
949 471 1045 558 talia,
1072 473 1172 560 quale
1186 471 1273 540 illud

168 583 235 658 est,
267 572 360 662 quod
389 577 424 643 in
448 575 560 642 indice
580 570 753 642 Plutarchi
775 596 807 644 v.
826 571 900 646 -roir
924 575 1135 660 enucleavit,
1172 576 1271 669 cogi.

45 744 47 748 .
167 687 302 766 tetque,
315 677 447 746 risuros
468 700 541 748 esse
564 677 648 766 (risu
673 683 785 744 autem
811 676 933 764 ecquid
952 677 1166 769 inoptabilius
1187 702 1269 770 gra-

169 804 245 849 vem
272 803 309 848 se
335 790 370 848 et
396 805 551 850 severum
578 779 779 850 monitorem
806 801 945 872 surgere
973 781 1178 871 professoi)
1211 784 1269 872 qui

169 884 320 969 videant,
351 884 430 973 quia
439 907 517 1004 ‚⁰5⁰
538 871 718 974 aliquando
745 883 933 975 scripserim
957 906 1031 975 qua
1054 885 1199 976 quidem
1222 887 1270 955 de

170 1009 212 1056 re
227 1009 299 1055 non
313 987 547 1081 praeripiam
568 1009 662 1080 quae
684 985 908 1080 Erfurdtius
928 1009 1029 1057 meus
1050 986 1270 1076 admonebit,
1328 1078 1332 1088 ⁸

171 1091 229 1180 [ea
252 1113 305 1158 res
325 1099 438 1160 autem
461 1091 662 1193 constructio
687 1099 738 1158 est
763 1090 946 1182 particulae
968 1091 1067 1158 trium
1088 1092 1272 1161 litterarum

170 1190 258 1285 noir)
283 1205 468 1287 propterea
482 1186 593 1286 ipsum
605 1193 767 1264 vicesimo
783 1215 871 1261 anno
890 1202 968 1286 post
991 1194 1035 1261 ad
1051 1194 1272 1263 Plutarchum

171 1297 543 1392 volupttem
567 1296 658 1365 haec
686 1298 789 1364 verba
816 1319 1010 1418 erumpere:
1057 1297 1093 1366 V.
1122 1321 1206 1367 mea
1234 1299 1272 1368 in
1302 1367 1304 1372 s

173 1400 341 1494 Append.
358 1403 415 1471 ad
434 1401 556 1470 Bastii
572 1400 728 1494 Epistol
754 1401 927 1493 Criticmp
945 1385 1008 1468 26.
1023 1423 1051 1469 s.
1076 1401 1162 1471 etin
1151 1401 1270 1495 Epi-

171 1513 290 1573 metro
316 1504 372 1574 II.
415 1506 469 1574 ad
502 1505 742 1598 Aristophan.
773 1504 890 1574 Plut..
902 1526 942 1596 p.
979 1503 1091 1572 XXX
1103 1504 1210 1574 VIII.
1240 1529 1269 1575 s.

173 1608 240 1677 Aa
261 1632 353 1701 quae
374 1610 568 1703 carpenda
593 1609 823 1701 cumplures
847 1607 933 1677 olim
954 1609 1126 1678 certatim
1141 1632 1272 1679 conuo-

173 1712 314 1782 lassent
339 1713 428 1782 iussi
453 1737 478 1783 a
497 1713 701 1806 magistro,
726 1734 772 1780 ne
791 1711 887 1804 quid
902 1733 974 1804 ego
982 1712 1089 1832 privi
1103 1713 1271 1806 proprii-

64 1820 66 1823 ’
174 1838 242 1908 que
267 1816 437 1885 docuisse
458 1816 623 1902 viderer,
643 1816 843 1908 postmodo
865 1837 938 1883 non
958 1815 1035 1884 sine
1050 1815 1130 1886 risu
1146 1817 1272 1910 magi·
1321 1815 1323 1817 ’

174 1928 292 1988 strum
309 1919 490 2007 intellexi,
517 1929 583 2022 qut
600 1941 770 1988 securum
787 1927 852 1988 aut
871 1916 1045 1987 oblitum
1032 1919 1137 1988 istius
1152 1921 1272 1989 alum-
1338 1915 1344 1932 ’

172 2045 302 2091 norum
321 2023 409 2092 mibi
429 2023 682 2092 insultantium
698 2021 929 2109 certationis,
955 2021 1011 2090 iili
1025 2044 1132 2092 meae
1145 2023 1272 2116 dispu-

120 2160 123 2167 ,
174 2127 306 2195 tatiani
328 2136 471 2196 tantum
493 2124 665 2194 habuisse
683 2125 852 2211 honoris,
884 2133 926 2194 ut
951 2124 1027 2194 eius
1049 2127 1274 2198 auctoritate

174 2229 366 2312 uteretur
353 2253 391 2298 m
415 2227 624 2321 Vigerianis
637 2251 677 2321 p.
694 2227 781 2299 822.
797 2225 909 2320 jaiso
923 2227 1049 2298 dicens
1064 2229 1273 2300 recentissi-

173 2354 252 2400 mos
267 2355 356 2425 quos
378 2331 534 2402 debebat
551 2332 676 2401 dicere
695 2331 897 2424 scriptores
918 2331 1100 2402 citerioris
1117 2332 1274 2403 Graeci-

175 2436 276 2505 tatis.
305 2435 388 2504 Μετ’
385 2435 730 2530 sortePluturobus
740 2435 985 2527 aequalesque
995 2436 1161 2528 adeoque
1172 2447 1273 2508 uetar-

175 2539 308 2609 stiores
322 2540 361 2608 in
374 2539 632 2610 recentissimis
646 2538 870 2610 numerandi
883 2547 978 2610 sunt.
1029 2540 1082 2608 Ac
1097 2563 1218 2611 vereor
1231 2563 1275 2609 ne

174 2643 282 2735 magis
310 2643 410 2712 etiam
432 2643 580 2726 rideant,
612 2643 639 2710 si
658 2641 864 2735 inspexerint
884 2643 988 2710 libros
1008 2643 1043 2710 in
1063 2643 1174 2712 indice
1192 2645 1276 2712 Plu·-
1317 2707 1320 2710 ,
1398 2645 1400 2650 ’

174 2746 284 2813 tarchi
305 2747 440 2838 citatos,
472 2747 684 2836 viderintque
705 2769 792 2835 quae
814 2746 856 2812 sit
872 2744 929 2812 illa
950 2745 1175 2815 insultantium
1199 2770 1275 2815 cer·

174 2851 277 2918 tatio:
303 2851 397 2919 cuius
418 2873 474 2918 me
494 2849 632 2940 quidem
654 2857 746 2917 recte
770 2848 912 2916 oblitum
936 2847 1033 2935 dicit,
1057 2850 1190 2943 quippe
1206 2858 1275 2919 tam

174 2954 334 3045 pusillae,
356 2962 395 3022 ut
418 2953 571 3022 oblivisci
591 2953 720 3020 facilius
750 2973 853 3042 quam
879 2951 1068 3020 meminisse
1096 2954 1274 3045 potuerim.

176 3057 280 3124 Tales
304 3058 407 3149 igitur
435 3055 739 3148 argumentationes
766 3054 867 3123 velim
890 3063 928 3122 ut
949 3076 1010 3122 sua
1030 3055 1134 3146 ipsius
1157 3079 1276 3125 caussa
1388 3117 1391 3129 .

137 3154 143 3167 '
176 3181 246 3226 non
258 3160 365 3228 minus
386 3159 529 3247 devitet,
557 3182 659 3249 quarn
679 3157 1010 3226 commemorationes
1027 3179 1160 3246 eornm,
1188 3182 1275 3250 quae

80 3318 83 3324 .
176 3283 360 3350 numquam
374 3263 570 3348 factasunt,
592 3263 667 3353 ipse
680 3269 809 3345 autem,
836 3260 915 3349 quia
932 3260 1012 3328 odio
1031 3260 1178 3356 flagrans
1201 3263 1276 3330 fieri

176 3363 326 3456 potuisse
356 3365 544 3456 cogitabat,
587 3363 730 3432 credidit
754 3362 844 3429 facta
864 3385 947 3431 esse.
1009 3362 1112 3435 Cuius
1142 3367 1275 3458 generis

177 3490 266 3536 nunc
279 3466 416 3556 quidem
431 3467 499 3535 duo
513 3467 677 3534 mirabilia
694 3465 848 3556 exempla
862 3487 1029 3556 promam.

280 3570 320 3638 In
339 3571 533 3662 Apparatus
560 3569 605 3638 ad
622 3568 888 3638 Demosthenem
911 3570 977 3642 vol.
1000 3571 1026 3637 Ι.
1058 3593 1094 3660 p.
1118 3565 1203 3636 264.
1231 3565 1276 3635 de

178 3672 331 3764 Reisigio
348 3673 395 3741 sic
410 3673 560 3766 scripsit:
584 3673 681 3766 'Ipse
703 3670 902 3756 Kasterus,
929 3672 990 3764 qui
1008 3671 1099 3743 ,mihi
1122 3671 1278 3762 aliisque

178 3775 445 3846 immerentibus
476 3775 572 3848 satis
602 3775 770 3856 caecrucis
803 3775 993 3844 insultavit
1025 3775 1079 3844 ad
1112 3773 1275 3866 Xenoph.
1355 3803 1359 3809 ·

182 3876 315 3947 Oecon.
339 3903 378 3972 p.
399 3875 460 3948 45.
495 3881 608 3967 nunc,
645 3879 788 3972 opinor,
821 3901 894 3947 non
923 3876 1162 3974 diffitebitur,
1196 3900 1278 3946 cum
1338 3971 1340 3973 ι

179 3981 249 4050 iila
263 3981 478 4071 scriberem,
503 3982 650 4054 ratione
664 4005 721 4051 me
737 3989 773 4051 et
787 3981 937 4051 consitio
953 4004 1055 4051 usum
1065 4004 1152 4051 esse.
1192 3978 1277 4049 Viro

180 4085 412 4174 doctissimo,
442 4109 545 4180 quem
561 4087 732 4156 insecutis
756 4084 976 4179 temporibus
999 4085 1277 4155 existimationis
1412 4139 1413 4143 ,

179 4198 290 4258 meae
305 4190 610 4260 studiosissimum
633 4199 805 4284 expertus
827 4212 926 4275 sum,
960 4188 1156 4280 raucisona
1185 4187 1280 4256 illud

180 4292 250 4362 boc
273 4292 451 4366 lubentius
474 4295 657 4382 condono,
691 4317 761 4388 quo
785 4293 922 4365 certius
942 4291 1037 4382 scio,
1071 4293 1147 4363 tela
1167 4291 1203 4360 in
1225 4313 1282 4361 me
