2918 4890
326 299 385 360 nn
406 282 690 360 urrunsonn
714 250 1046 360 nrssunrnuio.
1176 301 1242 365 ast

139 489 416 617 Cantabrigiensi
419 488 501 556 fasc
520 487 550 562 1
548 511 596 581 p.
611 482 672 555 52.
690 495 724 555 et
737 486 989 555 Vratislaviensi
1004 488 1070 555 vol.
1085 487 1114 560 Ι.
1126 511 1161 580 p
1179 487 1238 557 13.

139 586 357 687 ὑπερβολή
340 591 416 713 apri
436 585 567 714 φράσις
584 587 831 683 ὑπεραίρουσα
849 582 916 685 τήν
932 582 1111 686 ἀλήθειαν
1132 586 1240 689 αὐξή-

139 721 225 775 σεως
240 693 262 789 ἢ
276 687 454 784 μειώσεως
474 687 591 788 χάριν.
645 691 784 778 Quae
759 714 805 758 src
819 693 917 760 vertit
937 692 1180 761 rhetoricorum
1195 695 1239 762 ad

138 798 345 865 Herennium
367 797 511 887 scriptor
532 795 591 868 lV
615 793 676 867 33.
700 795 903 886 superlatio
920 804 975 864 est
996 796 1117 864 oratio
1132 819 1239 889 supe-

139 923 231 969 runs
245 899 457 987 veritatern,
479 898 642 968 alicuius
656 898 822 990 augendi
837 899 1063 967 minuendive
1089 921 1240 982 caussm·

140 1002 261 1071 Cicero
275 1002 319 1070 de
342 997 556 1075 or.111.53.
577 1003 643 1069 sic:
666 1001 832 1094 augendi
853 1001 1079 1071 minuendive
1102 1024 1240 1071 caussa

138 1106 306 1175 veritatis
318 1104 520 1198 superlatio
534 1113 643 1196 utque
657 1092 837 1173 traiectio.
864 1105 940 1174 Alia
952 1104 1075 1177 eodem
1089 1105 1239 1188 redeun-

138 1210 184 1276 tia
195 1207 640 1276 commemoravitWeiskius
653 1215 766 1275 noster
780 1208 814 1274 in
827 1207 1055 1277 dissertatione
1070 1209 1180 1300 prima
1195 1207 1239 1278 de

138 1312 331 1404 hyperbole
353 1333 504 1379 errorum
529 1311 563 1378 in
581 1310 722 1379 historia
743 1309 891 1402 Philippi
914 1311 1119 1401 Amyntaef.
1142 1330 1238 1380 com-

139 1417 315 1483 missorum
332 1414 493 1506 genitrice
508 1408 542 1506 §.
559 1413 592 1481 l.
644 1414 691 1480 At
709 1413 786 1504 plus
806 1412 894 1480 haec
910 1413 1059 1482 definitio
1079 1408 1237 1502 continet,

139 1541 240 1607 quum
254 1519 341 1586 inest
354 1518 388 1584 in
401 1516 601 1608 hyperbole.
648 1517 736 1583 Nam
754 1517 812 1605 qui
826 1517 933 1583 minus
951 1516 1096 1584 veritatis
1111 1526 1163 1584 est
1176 1541 1237 1585 au-

139 1621 242 1714 gendi
263 1619 476 1688 minuendive
496 1641 612 1686 caussa
631 1618 721 1685 facta
739 1620 941 1709 superlatio,
968 1641 1084 1707 quum,
1112 1620 1168 1709 qui
1185 1619 1264 1689 del

138 1724 274 1816 proeliis
297 1723 462 1809 referunt,
489 1746 508 1789 a
530 1722 677 1789 centenis
700 1721 849 1789 millenos
872 1743 986 1789 caesos
1003 1745 1076 1790 csse
1089 1723 1240 1792 iactant?

138 1827 185 1893 Et
198 1835 312 1894 tamen
329 1849 440 1914 neque
457 1834 507 1894 est
521 1823 723 1916 hyperbole,
749 1846 860 1912 neque
873 1833 1013 1892 vocatur
1029 1816 1239 1915 aqnoquam.

140 1928 233 2014 Quid
249 1937 360 1996 autem
374 1927 599 1997 adulationem
615 1927 723 1994 dicam
734 1935 834 2016 atque
850 1927 1137 2015 obtrectationem,
1151 1952 1239 2017 qnae
1323 1950 1332 1969 ·

140 2033 261 2100 eodem
276 2033 311 2100 in
324 2046 450 2122 genere
464 2039 554 2100 totae
570 2029 769 2098 versantur?
782 2029 948 2097 Nimirum
962 2029 1053 2096 aliud
1069 2040 1120 2098 est
1133 2052 1238 2124 exag-

121 2136 269 2228 -geratio
296 2136 544 2221 extenuatiove,
578 2155 646 2222 qua
678 2132 734 2220 qui
758 2140 913 2224 ntuntpr,
946 2131 1039 2200 credi
1062 2134 1124 2200 sibi
1143 2132 1237 2221 quod
1373 2192 1382 2211 ,

140 2239 252 2306 dicunt
266 2239 453 2328 postulant3
479 2234 568 2305 aliud
581 2234 789 2326 hyperbole,
816 2256 902 2323 quae
924 2243 975 2302 est
990 2235 1096 2302 oratio
1111 2236 1237 2335 yerita-

138 2349 208 2408 tem
226 2363 330 2431 snpra
346 2362 447 2428 quam
465 2339 556 2407 credi
573 2339 725 2406 volumus
742 2335 926 2405 excedens:
949 2337 1082 2405 utillud
1097 2336 1237 2407 Cicero·

139 2444 188 2511 nis
201 2444 235 2511 in
248 2443 397 2511 cranone
414 2466 480 2535 pro
495 2441 611 2512 Sextio
626 2435 1051 2512 absumaturnam
1069 2442 1238 2536 appella-
1290 2515 1293 2519 ,

141 2555 199 2615 tus
211 2547 247 2613 in
262 2545 400 2614 Bruto:

244 2699 399 2802 Tullius,
428 2715 488 2806 qui
502 2713 709 2783 libertatem
725 2711 861 2782 civibus
875 2676 1124 2783 stabiliverat:

139 2887 271 2957 millies
289 2895 501 2985 revocatum
523 2893 587 2954 est.
614 2884 780 2952 Intellexit
800 2883 868 2950 hoc
887 2882 1119 2967 Quintilianus,
1145 2884 1239 2952 cuius
1302 2871 1312 2893 's

139 3014 243 3083 aegre
268 2980 418 3059 caremus
440 2989 526 3060 libro
546 2987 590 3056 de
613 2988 736 3056 caussis
757 2994 936 3078 corruptae
956 2986 1215 3075 eloquentiae,
1205 3009 1240 3054 ιιι

140 3116 208 3181 quo
227 3116 263 3160 se
277 3093 367 3160 hunc
386 3093 498 3159 locum
512 3091 643 3183 plenius
658 3091 850 3158 tractavisse
865 3088 925 3156 uit:
952 3087 1045 3156 sed
1036 3112 1062 3156 rs
1077 3089 1215 3157 tamen
1205 3112 1241 3157 m

140 3195 218 3266 lnst.
237 3217 285 3262 or.
301 3195 390 3264 VllL
405 3193 442 3283 6,
458 3192 519 3262 Ί4.
545 3195 591 3261 ita
606 3194 754 3284 scripsit.
780 3213 927 3260 monere
941 3191 1033 3260 sutis
1048 3199 1114 3282 est,
1140 3215 1240 3261 men-

141 3296 206 3367 tiri
230 3294 472 3389 hyperbolen,
497 3319 564 3366 nec
587 3296 661 3381 itu,
686 3303 727 3363 ut
759 3293 951 3363 mendacio
968 3293 1115 3387 saliere
1140 3295 1239 3368 uelit.

139 3400 258 3490 ltaque
283 3399 347 3491 ipsi
367 3394 403 3493 5.
427 3395 488 3470 nt.
511 3397 704 3490 hyperbole
728 3407 778 3464 cst
800 3397 992 3466 ementiens
1012 3397 1238 3491 superiectio.

140 3506 187 3572 At
203 3526 245 3570 ne
261 3502 347 3570 haec
362 3500 497 3590 quidem
512 3503 597 3569 iusta
609 3500 715 3585 linitio
730 3509 791 3572 est.
844 3501 1027 3569 Praeterea
1040 3501 1166 3569 fallitur
1182 3500 1239 3568 hic

141 3628 295 3697 qnoque,
320 3603 501 3673 minuendo
523 3603 680 3672 inservire
700 3612 822 3694 putans
835 3602 1060 3695 hyperbolen.
1111 3604 1152 3672 ld
1172 3605 1239 3672 mi·

140 3732 243 3777 nuere
262 3707 345 3776 nihil
370 3716 420 3776 cst
442 3707 533 3775 aliud
550 3728 651 3796 quam
671 3727 796 3798 augere
817 3707 1046 3799 exiguitatem,
1080 3717 1117 3774 ut
1145 3706 1239 3796 quod

140 3812 315 3904 Longinus
335 3834 409 3903 cap.
430 3809 491 3878 38.
508 3808 625 3892 affert,
652 3810 800 3902 agellum
814 3833 834 3876 a
848 3811 980 3878 comico
998 3809 1146 3898 quodam
1158 3811 1239 3899 bre-

141 3915 268 3983 viorem
296 3913 422 3982 dictum
444 3937 517 3983 esse
539 3913 683 4005 epistola
702 3913 888 3982 Laconica:
915 3922 973 3979 aut
996 3911 1090 4000 quod
1114 3913 1171 3982 ille
1195 3913 1240 3981 de
1292 3969 1295 3973 .

140 4018 246 4111 tropis
271 4018 415 4108 scriptor
429 4039 471 4085 ex
486 4016 626 4108 Diphilo
646 4015 691 4084 de
702 4017 841 4084 muliere
853 4037 976 4107 parum
988 4015 1153 4085 formosa:

305 4185 350 4306 ἢν
366 4182 387 4258 ὁ
402 4211 521 4309 uurnp
538 4184 701 4310 ιφίλησιι
717 4178 966 4269 ουδειιῶποιι,
1038 4161 1044 4167 ’

245 4284 337 4384 παρ’
352 4285 391 4386 ἧς
406 4281 472 4362 adr
486 4287 601 4385 ἄριοι
616 4285 638 4382 ἡ
654 4281 748 4362 udor
762 4315 805 4362 oo
797 4279 1001 4381 ’λαμβάνει
1009 4339 1023 4374 ,
