2918 4890
252 306 316 371 m
543 300 1057 366 DEHYPERBOLE

353 494 509 584 μέλαινα
525 486 560 563 δ’
575 487 705 575 οὕτως,
732 488 821 572 ciera
838 491 897 565 ιιαι
909 500 1029 567 ποιεῖν
1042 489 1185 576 σκότος·

251 685 339 752 quae
352 684 421 731 non
437 670 488 731 est
503 661 718 731 formositatis
733 662 937 751 imminutio,
959 662 1020 732 sed
1039 663 1221 755 superlatio
1232 663 1355 736 defor-

248 765 380 839 mitatis.
879 798 881 807 J

350 869 391 938 lu
411 869 504 939 omni
526 856 718 958 hyperbole
739 869 938 958 requirimus
959 878 997 936 ut
1020 869 1106 936 iusta
1131 867 1192 952 sit,
1216 869 1239 942 ι.
1263 892 1296 939 e.
1316 881 1357 939 ut

182 995 185 1005 ·
249 975 417 1042 contineat
431 995 482 1060 ea,
496 973 530 1041 in
540 972 660 1060 quibus
667 980 784 1041 natura
797 973 908 1062 posita
916 981 965 1040 est
977 971 1199 1063 hyperbolae.
1227 969 1355 1064 Opor-

248 1077 411 1168 tetigitur
431 1099 615 1168 apparere,
641 1075 778 1143 nimium
794 1075 861 1143 dici
880 1076 949 1143 eius
965 1074 1060 1164 quod
1074 1076 1233 1144 extollere
1246 1076 1352 1144 volu-

248 1203 332 1251 mus.
381 1179 421 1247 lu
448 1202 516 1269 qua
542 1202 580 1247 re
601 1178 705 1248 tribus
729 1178 838 1246 modis
858 1180 996 1270 peccari
1020 1186 1149 1270 potest,
1174 1178 1229 1247 vel
1253 1179 1353 1269 quod

246 1305 368 1376 parum
382 1292 433 1351 est
455 1281 617 1365 dicendo,
643 1283 699 1349 vel
717 1282 867 1350 tollendo
881 1305 984 1373 supra
1001 1280 1164 1370 modum,
1190 1282 1247 1351 vel
1262 1305 1350 1373 per-

247 1409 368 1478 peram
382 1385 549 1476 augendo.
600 1385 749 1453 Primum
770 1385 854 1452 illud
878 1408 981 1474 quum
1004 1386 1059 1468 fit,
1084 1407 1191 1477 prava
1212 1395 1263 1453 est
1276 1384 1348 1477 hy-

246 1490 389 1581 perbole
408 1510 469 1571 eo,
491 1487 602 1577 quod,
629 1510 733 1577 quum
749 1489 897 1581 speciem
914 1487 1127 1579 hyperbolae
1138 1510 1222 1580 prae
1238 1511 1277 1556 se
1291 1489 1347 1558 fe-

246 1601 315 1676 rat,
341 1614 380 1661 re
402 1614 483 1659 vera
502 1591 592 1658 nulla
614 1600 683 1676 est,
709 1614 749 1659 ac
768 1592 884 1659 minuit
904 1592 1035 1682 potius·
1060 1599 1117 1676 ut,
1143 1614 1249 1681 quum
1266 1592 1345 1661 Ro-

245 1695 337 1763 mani
350 1702 506 1763 sexcenta
524 1693 568 1760 de
589 1716 728 1762 numero
743 1693 886 1761 modum
903 1693 1086 1762 excedente
1101 1642 1229 1781 dicant,
1253 1695 1345 1763 male

246 1821 288 1866 eo
307 1799 412 1866 verbo
433 1807 603 1881 uteretur,
628 1797 687 1886 qui
708 1820 749 1866 ex
770 1798 932 1865 matutina
951 1797 1066 1888 pluvia
1081 1744 1233 1865 nubilum
1251 1770 1345 1867 diem

244 1901 420 1992 augmenti
438 1901 582 1983 diceret,
609 1902 811 1988 sexcenties,
835 1923 938 1989 quum
961 1923 1060 1969 mane
1081 1900 1237 1992 pluisset,
1262 1910 1346 1993 post

241 2003 416 2073 meridiem
430 2003 553 2074 sudum
567 2004 682 2077 luisse
735 2002 1020 2074 Contrariusbnio
1034 2026 1129 2072 error
1142 2012 1209 2086 est,
1235 2026 1344 2094 quum

242 2107 325 2197 quid
348 2130 451 2200 supra
474 2106 614 2175 modum
636 2107 804 2177 attollitur
857 2109 944 2176 Nam
967 2108 1028 2174 etsi
1048 2107 1085 2175 in
1100 2128 1191 2175 omm
1181 2104 1343 2199 hyper-

213 2211 373 2279 bole
341 2213 478 2323 numium
495 2210 561 2279 dici
580 2220 732 2302 oportet,
757 2221 871 2280 tamen
894 2211 993 2278 ctiam
1014 2211 1049 2277 iu
1067 2210 1169 2279 nimio
1189 2209 1275 2277 illud
1290 2219 1343 2280 est

150 2361 155 2365 -
238 2301 387 2400 nimium,
413 2313 507 2404 quod
521 2337 595 2382 rem
610 2323 856 2383 monstruosum
872 2313 906 2380 in
920 2312 1059 2381 modum
1079 2323 1192 2405 auget
1231 2310 1341 2381 Mon-

214 2414 415 2485 bstruosum
439 2426 551 2485 autem
575 2425 645 2502 est,
677 2417 771 2515 qnod
797 2427 950 2485 naturam
969 2417 1019 2484 rei
1047 2415 1191 2507 perimit.
1243 2415 1341 2533 Talis

240 2528 328 2586 esset
347 2519 404 2585 illa
423 2519 516 2610 apud
532 2519 751 2587 Homerum
734 2515 863 2592 εκατόι
879 2521 1015 2591 πολέων
1033 2514 1222 2612 πρυλέεσσ
1244 2513 1340 2612 dpa-

239 2627 333 2714 poio
339 2623 440 2712 galea
460 2621 653 2705 Minervae,
679 2622 774 2694 Iliad
795 2623 835 2690 V
853 2620 978 2688 ι44.“
954 2645 981 2688 su
994 2644 1040 2705 rs
1066 2620 1159 2710 quod
1173 2622 1338 2690 nonnullis

237 2724 375 2815 placuit,
400 2733 470 2792 tarn
484 2747 643 2817 magnam
659 2725 802 2810 dixisset,
828 2734 865 2790 ut
877 2732 1009 2808 centurn
1024 2671 1157 2799 ιιιιιιιιιιι
1167 2725 1348 2823 Ιιιιιιιιιιιιιιι

236 2827 415 2895 sufficeret.
468 2830 556 2896 Nam
574 2851 614 2896 ea
628 2837 697 2895 tam
712 2839 805 2896 vasta
819 2837 869 2895 est
888 2824 1102 2918 magnitudo,
1129 2838 1286 2916 quautam
1300 2829 1338 2896 ιιι

237 2930 338 3021 galea
355 2931 383 2998 si
404 2932 553 3023 cogitare
577 2933 650 3019 quis
666 2931 761 3017 velit,
789 2930 876 2998 elabi
894 2931 1003 2997 animo
1018 2928 1199 3022 imaginem
1212 2932 1337 3023 galeae

236 3055 376 3100 necesse
398 3035 447 3104 sit.
499 3034 654 3101 Tertium
677 3035 744 3101 ιίιιι
759 3057 866 3126 genus
880 3055 1063 3124 perperam
1079 3033 1237 3125 augendo
1255 3057 1336 3102 cer-

235 3136 338 3204 nitur.
364 3136 457 3226 quod
474 3112 513 3204 ιιι
531 3135 689 3228 augendo
713 3159 771 3224 eo,
796 3136 889 3226 quod
910 3144 1043 3203 auctum
1062 3136 1117 3203 vel
1140 3136 1223 3204 nibil
1247 3160 1336 3205 con·

194 3318 197 3324 Ι
233 3238 300 3306 fert
320 3238 364 3305 ad
380 3240 673 3331 amplificationem
692 3240 760 3326 rei,
784 3240 839 3306 vel
860 3262 935 3307 eam
949 3239 1122 3330 pervertit
1162 3222 1263 3308 Illud
1277 3240 1336 3308 fe-

232 3341 277 3408 cit
308 3342 444 3410 Paullus
473 3343 717 3413 Silentiarius
707 3367 742 3412 ιιι
776 3343 1019 3437 epigrammate
1041 3341 1085 3409 ad
1110 3343 1253 3412 amicam
1279 3341 1336 3412 his

229 3444 396 3514 versibus:

331 3613 446 3711 μηδὲν
462 3614 517 3688 ἔοι
535 3609 583 3690 ro*
597 3610 735 3708 μεταξύ
743 3610 760 3660 ·’
782 3613 1035 3712 Σεμιράμιδος
1050 3609 1121 3711 γιιρ
1138 3621 1252 3690 &arico

394 3722 511 3808 ιιΐχος
526 3718 609 3810 ἐμοὶ
622 3721 738 3794 δοκείι
752 3714 885 3792 λιιιιιιι
897 3717 1051 3815 ὕφασμα
1067 3720 1185 3793 σέθεν.

230 3887 332 3955 Hunc
343 3909 477 3957 murum
488 3887 729 3976 Semiramidis,
748 3913 849 3979 quem
861 3891 934 3961 inre
948 3889 1214 3959 Rubnlrenimin
1227 3892 1337 3982 epist.

230 3990 301 4060 orit.
314 3990 339 4056 l.
356 4015 391 4082 p
409 3989 493 4063 132.
517 3987 616 4083 (75.)
640 4003 677 4061 ut
693 3993 870 4063 ridiculum
889 4002 924 4062 ct
936 3994 1101 4085 puerilem
1114 3994 1337 4087 vituperavit,

229 4116 271 4160 ex
287 4090 340 4160 bis
354 4094 485 4183 Synesii
501 4095 606 4186 ep..4
632 4106 809 4188 acceptum
823 4121 895 4164 esse
914 4098 1040 4164 monuit
1058 4094 1283 4187 Toupius.''
1259 4125 1330 4170 οι-

227 4223 285 4275 τες
302 4190 474 4288 ἐπιβάται
490 4195 630 4271 πλεῖν
607 4226 628 4294 η
645 4193 880 4296 πεντήκοντα,
911 4193 1177 4328 τριτημόριόν
1163 4223 1233 4269 που
1250 4193 1330 4291 μοι·

226 4301 332 4370 λιστα
356 4304 534 4391 γυναῖκες,
562 4307 601 4373 αἱ
624 4301 765 4383 πλείους
785 4305 863 4376 odor
885 4302 945 4373 ani
966 4297 1107 4394 ἀγαθαὶ
1128 4327 1192 4382 τας
1210 4298 1329 4396 ὄψεις
