2918 4890
47 336 51 345 Ι
165 254 207 315 ro
512 248 570 306 ns
592 246 863 308 ransrovur
886 241 932 310 tv·
1005 218 1038 337 ’,

168 447 259 509 sunt:
285 437 330 507 de
345 437 466 528 quibos
477 435 548 505 ⁴etsi
563 461 631 506 non
650 445 780 506 constat
794 437 906 525 nobis,
932 445 1043 506 tamen
1059 462 1133 508 esse
1148 463 1189 507 ea
1203 464 1273 533 po-

116 548 120 557 '
168 544 243 629 tius,
269 564 371 632 quarn
385 564 454 610 non
474 564 547 609 esse
570 542 746 614 credimus.
783 542 959 609 Postrema
975 550 1051 609 sunt
1062 544 1273 634 probabilia:

169 669 256 736 quae
270 654 345 714 sunt
360 668 417 730 ea,
444 667 531 734 quae
544 644 664 713 mimm
681 646 769 712 foret
785 647 813 713 si
829 666 898 711 non
917 653 1042 732 essent,
1069 647 1148 736 quia
1167 648 1274 715 ratio-

167 771 256 833 nem,
282 770 387 840 quare
401 771 475 816 csse
489 747 645 832 debeant,
670 748 827 816 idoneam
841 747 1003 815 videmus.
1045 748 1177 817 Eadem
1190 773 1273 818 vero

168 852 283 941 omnia,
296 852 397 919 etiam
413 850 533 920 modos
548 850 715 941 quosdam
730 851 871 933 habent,
898 851 1044 940 quisunt
1059 850 1144 939 dno,
1169 854 1274 945 positi

167 955 279 1040 ineo,
308 952 402 1043 quod
425 961 483 1021 ant
503 953 547 1021 ad
562 955 671 1044 ipsam
693 961 821 1021 tantum
839 952 1077 1043 cogitationem
1096 955 1274 1043 loquentiS,

168 1065 226 1125 aut
241 1055 286 1123 ad
300 1057 369 1138 rei,
395 1055 439 1123 de
453 1078 528 1145 ¹quo
542 1079 652 1124 sermo
667 1065 733 1142 est,
760 1056 907 1145 aliquam
932 1055 1161 1125 conditionem
1182 1059 1275 1125 refe-

168 1168 293 1226 runtur.
344 1158 391 1226 Et
411 1158 468 1226 ille
488 1159 625 1249 quidem
646 1158 788 1245 modus,
814 1159 872 1247 qui
888 1157 934 1225 ad
954 1159 1120 1247 loquentis
1144 1160 1275 1251 cogita-

168 1262 295 1329 tionem
314 1269 463 1351 spectat,
489 1263 721 1352 complectitur
739 1262 909 1353 possibilia
927 1269 961 1328 et
976 1261 1047 1329 veri
1069 1262 1202 1352 similia,
1229 1263 1274 1331 de

168 1364 290 1455 quibos
304 1365 379 1453 quis
395 1364 476 1430 nihil
489 1365 643 1454 amplius,
664 1387 766 1455 qnam
783 1365 827 1433 de
842 1363 953 1432 alteris
970 1387 1006 1432 se
1022 1365 1208 1456 ambigere,
1230 1366 1275 1433 de

168 1468 281 1535 alteris
306 1466 436 1556 opinari
463 1467 642 1557 significat.⁴
688 1468 785 1535 Alter
804 1477 916 1535 autem
936 1467 1057 1535 modus
1077 1468 1214 1535 fortuita
1241 1478 1275 1536 et

169 1568 358 1660 probabilia
379 1569 543 1654 continet,
570 1569 689 1659 quibus
709 1571 744 1636 in
759 1571 838 1661 ipsis
854 1579 904 1637 cst
920 1570 1061 1658 aliquid,
1088 1594 1191 1659 quare
1212 1573 1275 1639 sint

170 1680 228 1741 aut
246 1672 347 1756 liant,
373 1670 433 1738 sed
447 1671 530 1738 illud
549 1673 583 1739 in
597 1673 706 1740 alteris
720 1673 890 1765 ignotum,
917 1682 1160 1752 notumssautem
1177 1675 1211 1740 in
1222 1675 1275 1741 al-

66 1798 70 1813 *
170 1775 258 1843 teris.
310 1767 428 1862 ltaque
445 1774 555 1866 gradu
574 1774 661 1842 haec
676 1775 723 1842 ita
739 1799 775 1844 se
797 1776 981 1865 excipiunt,
1007 1784 1044 1842 ut
1061 1775 1275 1867 possibilibus
1357 1823 1360 1828 -

170 1877 323 1964 fortuita,
349 1877 489 1945 fortuitis
506 1879 709 1964 verisimilia,
735 1880 806 1946 veri
820 1879 977 1946 similibus
992 1880 1182 1969 probabilia
1196 1903 1276 1948 suc-

172 1980 308 2048 cedant:
334 1979 427 2047 modi
450 1989 562 2048 autem
583 1982 673 2049 hanc
692 1982 808 2050 iubent
832 1982 1099 2049 distributionem
1120 1983 1213 2069 fieri,
1238 1990 1276 2050 ut

169 2083 340 2176 possibilia
354 2092 388 2151 et
400 2085 588 2152 verisimilia
601 2086 741 2153 fortuitis
758 2095 791 2153 et
803 2085 1033 2176 probabilibus
1050 2095 1276 2176 opponantur,

169 2187 381 2279 possibilium
408 2197 520 2256 autem
550 2188 596 2256 ad
623 2188 812 2256 verisimilia
838 2189 958 2256 eadem
986 2187 1028 2254 sit
1057 2189 1277 2278 comparatio,

170 2313 259 2380 quae
283 2290 495 2358 fortuitorum
510 2291 555 2373 ad
575 2292 773 2382 probabilia.
826 2291 974 2382 Singulis
996 2291 1118 2358 horum
1137 2314 1197 2358 sua
1212 2290 1276 2359 de-

171 2395 289 2462 stinata
304 2401 380 2459 sunt
402 2394 582 2475 vocabula:
608 2415 648 2473 ac
669 2395 882 2483 possibilibus
907 2392 1044 2482 quidem
1060 2403 1095 2460 et
1112 2395 1277 2461 verisimi-

171 2497 258 2563 libus
274 2493 433 2560 adverbia
450 2487 537 2575 ἴσωςΙ
547 2504 580 2561 et
592 2488 664 2566 nod
671 2522 685 2585 ,·
710 2496 853 2563 fortuitis
871 2505 983 2562 autem
998 2505 1032 2562 et
1045 2497 1277 2586 probabilibus

171 2597 356 2688 particulae
377 2595 423 2668 oio
446 2598 515 2664 sive
538 2599 614 2677 κέν,
642 2605 676 2665 et
695 2598 745 2674 τέ.
800 2597 1095 2670 considerabimus
1115 2600 1201 2666 lraec
1220 2601 1277 2683 ita,

171 2700 256 2768 utin
275 2699 411 2791 singulis
432 2700 605 2785 etiamid,
632 2701 724 2789 quod
744 2702 780 2767 iis
801 2702 997 2792 oppositum
1014 2709 1080 2782 est,
1107 2703 1277 2792 respicia-
1314 2730 1316 2735 ·

172 2824 265 2871 mus:
293 2803 387 2892 quod
399 2825 444 2892 ¹eo
464 2807 571 2872 minus
591 2805 719 2896 negligi
741 2804 912 2894 convenit,
939 2826 1007 2892 quo
1021 2805 1126 2872 maior
1142 2813 1192 2872 est
1211 2804 1279 2872 ho-

172 2929 247 2976 rum
261 2905 485 2973 discriminum
498 2907 667 2977 subtilitas.

275 3008 328 3078 Ac
349 3010 561 3100 possibilibus
581 3007 764 3077 indicandis
790 3008 924 3077 inservit
959 3010 1060 3097 ἴσως,
1094 3008 1277 3103 forsitan,

175 3111 376 3180 Germanice
388 3112 587 3182 vielleicltt:
614 3113 706 3202 quod
720 3120 771 3179 est
784 3112 996 3197 coniicientis,
1023 3111 1279 3181 sednonscien-

174 3216 225 3297 tis.
283 3214 327 3281 Ei
361 3214 521 3282 adverbio
557 3216 750 3307 oppositum
783 3224 833 3281 est
869 3216 1010 3283 verbum
1047 3216 1175 3284 nudum
1209 3217 1280 3283 sine

173 3318 356 3411 particula,
402 3341 470 3408 quo
507 3320 700 3411 simpliciter
743 3319 863 3385 veritas
907 3319 953 3386 rei
985 3319 1156 3387 indicatur.
1208 3319 1280 3386 Ve-

175 3422 361 3489 risimilibus
401 3432 514 3490 autem
544 3422 769 3514 significandis
802 3420 980 3488 adhibetur
1013 3417 1096 3506 nod,
1124 3420 1279 3514 sortas-

174 3547 233 3611 se,
277 3524 392 3592 wohl:
441 3525 534 3614 quod
570 3534 621 3593 est
652 3525 833 3617 opinantis,
872 3525 933 3594 sed
971 3548 1040 3592 non
1075 3525 1278 3594 affirmantis.

175 3629 294 3717 ltaque
308 3628 339 3696 ei
351 3629 508 3719 opposita
523 3638 599 3696 sunt
613 3623 636 3723 η’
650 3637 685 3696 et
701 3622 756 3722 δή,
787 3627 907 3717 quibus
922 3629 1033 3711 utitur,
1060 3627 1117 3715 qni
1132 3628 1198 3694 ianr
1210 3650 1281 3694 non

175 3731 304 3822 opinari
320 3755 367 3818 se,
394 3731 454 3799 sed
468 3732 607 3799 credere
621 3741 720 3820 atque
733 3729 904 3798 confidere
921 3731 1076 3796 affirmat.
1128 3728 1281 3796 Fortuita

141 3903 145 3909 ,
175 3841 329 3902 notantur
343 3835 514 3925 particulis
531 3833 576 3906 dv
591 3835 645 3902 vel
658 3834 733 3912 κέν,
761 3856 848 3922 quae
864 3833 984 3901 Latine
998 3833 1198 3923 plerumque
1213 3856 1282 3899 non

175 3946 317 4029 possunt
331 3938 488 4030 exprimi,
505 3938 566 4006 sed
586 3938 612 4006 si
626 3960 714 4026 quae
727 3936 847 4004 Latina
866 3936 1031 4027 particula
1045 3935 1281 4027 adpropriam

176 4063 292 4108 earum
313 4041 379 4108 vim
400 4040 654 4128 quodammodo
675 4039 821 4125 accedit,
849 4047 900 4107 est
918 4063 958 4106 ea
970 4037 1094 4132 sorte:
1122 4038 1281 4106 Germani

175 4145 340 4236 aptiorem
368 4144 532 4211 habemus
550 4144 750 4236 particulam
771 4150 884 4227 etroa,
912 4142 973 4211 sed
992 4165 1059 4210 non
1075 4151 1187 4210 tumen
1204 4142 1282 4208 ubi-

176 4271 243 4340 que
265 4248 341 4316 satis
359 4248 656 4317 accommodatam.
710 4246 773 4315 Est
788 4257 901 4316 autem
920 4246 966 4321 do
989 4256 1023 4317 et
1045 4249 1103 4320 κὲν
1124 4240 1282 4314 sumentis
1370 4276 1377 4291 ι
