2918 4890
574 287 657 348 utu.
679 286 703 350 l.
747 285 840 348 CAP.
861 291 892 352 o.
1241 293 1283 355 l't

178 477 441 567 cumscriptnm,
467 500 548 545 nera
571 478 707 568 quidem
731 486 807 546 sunt
830 472 917 545 intra
937 475 1001 546 hos
1021 477 1155 569 limites,
1189 481 1285 570 quod

179 591 294 647 autem
311 590 405 648 extra
419 604 476 649 eos
493 592 563 665 est,
592 581 752 650 intactum
767 583 967 670 relinquunt.
1017 583 1106 649 Nam
1120 585 1283 674 particula

179 682 227 755 ἄν
243 705 349 771 quum
370 685 494 771 ubique
509 684 553 750 ad
578 685 802 753 conditionem
826 685 972 773 aliquam
990 685 1169 772 referatur,
1194 711 1283 776 quac

179 786 328 852 conditio
344 797 402 853 aut
418 788 557 876 impleta
572 797 629 854 aut
642 809 710 854 uon
729 788 868 877 impleta
881 786 1089 884 intelligitur,
1116 812 1193 856 eum
1211 801 1283 858 tan-

178 887 356 956 tummodo
378 890 448 956 eius
468 912 583 975 usum,
617 886 686 977 quo
707 889 753 957 ad
773 912 841 956 nou
862 891 1035 980 impletam
1057 892 1283 961 conditionem

177 991 334 1075 refertur,
351 993 520 1083 quilonge
536 1000 586 1058 est
600 993 705 1060 altero
721 993 879 1077 crebrior,
901 993 1282 1084 spectaritApollonius.

177 1093 280 1160 Vnde
293 1096 368 1162 fieri
385 1118 451 1162 uon
466 1096 595 1184 potuit,
618 1096 698 1183 quin
709 1097 773 1177 ita,
796 1103 835 1162 ut
847 1095 943 1181 fecit,
968 1095 1130 1163 rationem
1143 1100 1283 1166 conclu·

177 1195 286 1268 deret.
323 1198 413 1264 Nam
428 1197 593 1286 quidquid
607 1198 651 1265 ad
669 1197 896 1265 conditionem
910 1220 977 1264 nou
988 1198 1160 1289 impletam
1173 1202 1283 1269 refer·
1407 1223 1411 1231 ’

178 1308 234 1366 tur
261 1322 303 1366 ex
323 1323 431 1389 eaque
452 1300 598 1391 pendet,
623 1301 806 1395 praeterito
832 1310 988 1390 tempore
1019 1300 1199 1369 dicendum
1222 1313 1284 1392 est,

179 1403 261 1490 quia
282 1402 384 1490 illud,
410 1426 479 1471 nou
501 1426 574 1471 esse
593 1405 766 1494 impletam
795 1403 1038 1515 conditionem,
1063 1427 1117 1471 res
1141 1406 1225 1473 est
1215 1429 1283 1506 ram

176 1507 369 1596 praeterita.
422 1507 541 1595 ltaque
563 1530 630 1574 non
655 1506 789 1574 Graeca
808 1486 944 1591 solum,
958 1506 1021 1574 sed
1041 1507 1125 1575 aliae
1146 1531 1284 1599 quoquc

179 1617 215 1674 et
234 1609 349 1676 nescio
365 1632 408 1676 an
423 1632 540 1676 omnes
564 1610 727 1707 liuguae
717 1633 752 1676 ιιι
768 1609 836 1676 hoc
850 1632 976 1701 genere
990 1610 1100 1678 verbis
1112 1614 1284 1702 praeteriti
1302 1639 1306 1643 ·

178 1713 343 1801 temporis
358 1723 512 1793 utuntur,
535 1713 604 1780 sive
619 1713 662 1780 de
679 1713 859 1804 praeterita
870 1735 926 1796 re,
953 1713 1022 1780 sive
1038 1712 1081 1780 de
1093 1725 1282 1804 praesente,

178 1815 250 1881 sive
264 1814 431 1882 defutura
445 1815 714 1904 loquendum'sit.
740 1815 786 1882 Vt
789 1813 972 1908 facturus
987 1838 1102 1885 essem
1115 1820 1173 1906 qui
1190 1819 1282 1902 dicit,

178 1917 245 1984 iam
258 1940 328 1984 non
347 1919 473 1986 factum
493 1942 566 1986 esse
581 1920 663 1986 sciat
679 1941 817 1986 necesse
835 1927 885 1986 est
903 1916 1004 2006 illud,
1030 1919 1124 2007 quod
1143 1921 1170 2016 si
1195 1929 1283 1990 esset

177 2020 324 2102 factum,
349 2022 422 2112 ipse
438 2021 474 2088 id
487 2021 580 2110 quod
598 2023 723 2114 agebat
738 2031 809 2089 erat
823 2021 982 2088 facturus.
1024 2023 1183 2113 Neglexit
1199 2047 1281 2092 vero

177 2123 376 2214 Apollonius
397 2127 535 2192 alteram
554 2127 737 2212 rationem,
762 2149 829 2214 qua
842 2123 1006 2216 particula
1028 2121 1074 2194 ἄν
1097 2125 1142 2192 ad
1158 2127 1282 2216 imple-

175 2235 247 2293 tam
262 2227 486 2296 couditionem
502 2229 654 2299 refertur.
699 2230 796 2314 Quae
810 2229 895 2296 ratio
912 2226 1068 2316 quoniam
1091 2249 1160 2293 non
1177 2230 1281 2296 levius

175 2340 383 2398 momentum
412 2356 514 2421 quam
539 2335 632 2425 prior
654 2333 712 2402 illa
734 2332 779 2400 ad
802 2333 938 2424 plenam
958 2339 1215 2420 accuratamque
1231 2331 1281 2399 rei

175 2435 420 2524 expositionem
448 2436 569 2522 habet,
602 2459 663 2504 nos
686 2445 863 2525 utramque
883 2436 930 2502 ita
952 2433 1210 2526 couiuugemus,
1242 2441 1280 2502 ut

175 2537 294 2605 ambas
308 2559 350 2604 ex
365 2541 534 2606 communi
550 2562 651 2628 quem
663 2540 790 2608 habent
802 2541 895 2606 fonte
907 2526 1108 2629 repetam'us.
1208 2590 1211 2598 f

219 2669 222 2673 ·
280 2640 524 2730 Quaecumque
544 2644 617 2710 lieri
638 2644 694 2710 vel
713 2666 781 2711 non
801 2642 876 2710 lieri
890 2641 1050 2723 dicimus,
1076 2647 1133 2707 aul
1150 2639 1280 2731 simpli-

176 2742 261 2810 citer
278 2743 483 2812 affirmamus
498 2768 704 2836 negamusre
718 2746 809 2812 facta
825 2767 910 2829 esse,
934 2744 989 2811 vel
1002 2742 1094 2827 fieri,
1118 2743 1173 2810 vel
1188 2743 1279 2811 foret

177 2847 233 2912 cni
248 2846 322 2933 usui
336 2847 444 2915 nudus
463 2849 610 2919 omnium
625 2857 816 2940 tempomm
833 2846 1026 2914 indicativus
1041 2845 1191 2912 inservit:
1222 2853 1280 2912 aut

175 2949 223 3015 ita
243 2971 565 3037 commemoramus,
585 2960 622 3018 ut
638 2951 773 3020 effectio
792 2972 908 3018 eorum
924 2948 1142 3039 restringatur
1160 2947 1279 3014 condi·-

175 3050 267 3118 tione
285 3052 405 3140 aliqua,
427 3077 513 3141 quae
531 3077 606 3121 eam
619 3056 675 3122 vel
693 3077 735 3122 ex
750 3063 846 3144 parte
859 3053 915 3120 rel
928 3060 1033 3119 totam
1047 3051 1158 3117 tollat:
1184 3048 1279 3138 quod

173 3154 214 3222 fit
230 3153 417 3223 adiectione
434 3157 618 3247 particulae
639 3155 694 3229 oin.
727 3157 825 3224 Haec
841 3156 928 3223 enim
942 3153 1104 3246 particula
1120 3154 1278 3242 quoniam
1357 3170 1360 3175 ·

173 3257 223 3323 rei
244 3257 399 3325 fortuitae
424 3260 629 3328 notationem
655 3260 816 3341 continet,
851 3259 932 3325 facit
956 3255 1133 3324 indicativo
1153 3256 1277 3341 addita,

174 3368 213 3424 ut
226 3358 359 3426 effectio
377 3384 396 3426 e
417 3362 553 3429 fortuita
575 3365 686 3452 aliqua
703 3386 820 3430 caussa
840 3360 1001 3451 suspensa
1021 3381 1093 3426 esse
1108 3357 1277 3447 intelliga-

172 3471 237 3529 tur.
290 3463 466 3553 Significat
491 3489 575 3556 ergo
601 3467 658 3534 illa
684 3463 904 3548 constructio,
936 3462 1010 3529 fieri
1034 3459 1134 3550 quid,
1159 3460 1187 3527 si
1206 3460 1276 3526 fors

171 3563 269 3636 ferat
318 3566 436 3654 ltaque
458 3590 561 3655 quum
577 3569 737 3660 i'lsyov
712 3592 782 3636 srne
796 3564 1002 3635 restrictione
1022 3564 1168 3682 dicatur,
1195 3561 1277 3634 tta-

142 3732 145 3738 .
172 3693 239 3757 you
260 3665 305 3738 ἄν
326 3669 470 3736 refertur
489 3670 534 3737 ad
549 3672 775 3740 conditionem
796 3672 960 3758 aliquam,
996 3689 1015 3734 e
1039 3666 1131 3733 cuius
1155 3673 1277 3732 eventu

172 3770 322 3858 pendeat
340 3771 484 3840 effectio.
535 3775 634 3841 Nunc
651 3775 799 3841 conditio
819 3775 875 3840 illa
891 3779 948 3838 aut
966 3770 1104 3859 impleta
1118 3767 1276 3857 intelligi-

171 3881 242 3958 tur,
268 3882 325 3939 aut
346 3897 415 3942 non
430 3876 577 3965 impleta.
629 3877 667 3944 Si
681 3878 836 3969 impleta,
861 3882 900 3942 ut
921 3874 1041 3964 ἔλεγον
1065 3868 1111 3942 ἄν
1120 3923 1134 3958 ,
1162 3863 1275 3942 onore

170 4000 227 4052 stc
249 3970 402 4074 ἐρωτῴη,
428 3979 548 4046 veritas
566 3980 648 4046 facti
666 3988 818 4070 exparte
832 3977 968 4060 tollitur,
995 3995 1036 4042 ex
1051 3983 1148 4064 parte
1163 3981 1275 4039 antem

169 4075 365 4148 affirmatur.
418 4082 507 4148 Nam
532 4105 645 4171 neque
678 4082 772 4172 quod
794 4082 899 4150 semel
919 4086 1012 4144 certo
1033 4085 1190 4167 tempore
1219 4074 1275 4140 fa·
1352 4155 1354 4159 Ι

170 4187 260 4246 ctum
283 4182 324 4248 sit
336 4206 483 4272 ,neque
507 4185 600 4274 quod
616 4209 767 4276 semper,
794 4181 1000 4266 enunciatur,
1028 4180 1090 4247 sed
1111 4177 1275 4246 indicatur

166 4283 260 4370 quod
273 4293 310 4351 ut
324 4285 517 4376 plurimum,
533 4288 647 4381 prouti
660 4289 730 4358 fors
743 4278 858 4414 ferret,
875 4285 948 4356 fieri
961 4280 1178 4351 consueverit.
1203 4277 1274 4346 lta·

217 4401 339 4471 Hunni.
366 4403 432 4476 ΟΡ.
453 4407 510 4476 lv.
993 4504 995 4508 y
1036 4399 1070 4467 Β
1150 4463 1156 4483 .
