2918 4890
227 286 291 348 alo
354 281 404 340 DE
426 274 757 380 inscuiriioniuvs
783 275 1007 350 Qviavsoiii
1024 272 1198 336 nutans,

280 462 404 563 δμωνῖν
417 468 618 561 despoliabo
633 493 680 556 με
695 463 874 559 ταχιίριοι
889 459 956 561 τήν
974 459 1177 558 ὁμόδουλον

331 573 517 691 παρθένον
531 571 579 648 alc
592 565 742 684 Ἀΐδην
734 565 829 639 εἶδον
845 565 1116 663 ἀπερχομέναν·
1207 598 1222 607 ·

282 675 374 797 ἄρτι
384 674 420 746 δι’
439 665 506 744 τόν
520 667 656 763 α’ναωρι
672 697 758 760 χοαι
775 669 897 758 χείουσ
905 665 1117 767 α’πόδημον

331 770 489 872 νύμφιον
503 778 538 846 ἐκ
555 769 727 865 πελάγους
743 769 872 885 eidos-³
848 771 1107 870 ινιιρχόμινον

228 951 335 1017 humo
354 946 456 1037 plane
475 967 542 1012 non
562 952 677 1035 potest
697 943 762 1010 alia
780 944 880 1035 primi
901 942 1034 1041 distichi
1058 918 1221 1013 sententia
1242 968 1330 1032 esse,

229 1074 332 1142 quarn
351 1044 454 1118 haec’z
487 1070 588 1134 „rue‚
613 1047 773 1115 famulam
795 1045 1007 1131 Dorotheae,
1034 1047 1239 1137 sepelierunt
1261 1072 1328 1119 τα-

229 1154 376 1250 χνίριοι,
401 1174 496 1220 suain
512 1154 744 1219 conservam“

329 1279 408 1346 Non
439 1275 647 1368 probabilior
677 1284 727 1345 est
752 1276 856 1343 altera
884 1276 1091 1362 coniectura,
1133 1275 1329 1370 Ταχείριον

117 1464 121 1472 ,
228 1403 350 1451 nomeu
373 1381 475 1449 luisse
500 1377 690 1452 defunctae.
750 1380 838 1447 Naru'
859 1387 898 1445 ut
918 1377 1162 1447 concederetur
1191 1372 1328 1466 Ταχρί.

228 1509 310 1580 ριον
328 1492 536 1551 contractum
550 1505 622 1550 esse
643 1505 686 1550 ex
703 1485 739 1555 Τ
735 1481 941 1577 αχυχιίριον
948 1535 962 1570 ,
989 1490 1101 1549 tamen
1124 1481 1235 1573 primo
1251 1503 1328 1548 me-

226 1599 316 1655 trum
339 1593 562 1678 repugnaret:
596 1585 763 1676 correptio
788 1585 876 1652 euim
897 1613 940 1657 ον
966 1585 1116 1674 syllabae
1138 1592 1217 1652 ante
1243 1605 1328 1651 cori-

214 1698 402 1779 stsonautem
422 1711 488 1756 nori
510 1686 616 1778 magis
639 1708 717 1755 oum
743 1688 953 1778 correptione
972 1688 1011 1777 in„
1021 1680 1211 1767 δεσπόταις
1224 1709 1329 1775 quam

228 1793 401 1878 camilla,
434 1813 521 1879 quae
546 1790 651 1857 estin
673 1783 960 1886 ταχιίριοιτήν,
984 1799 1099 1881 potest
1125 1791 1326 1881 comparari.

226 1894 357 1964 Deinde
383 1903 506 1966 autem,
523 1903 695 1985 pugnaret
716 1915 831 1981 secum
851 1893 1076 1985 epigramma,
1115 1893 1152 1967 si.
1166 1891 1329 1961 defuncta

225 1999 282 2066 hio
306 1995 519 2088 Ταχιίριον,
553 2003 760 2063 morantem
774 1995 924 2090 Κυπρία
949 2005 1136 2069 vocaretur.
1190 1993 1327 2086 Opina-

128 2180 131 2187 ,
226 2103 325 2169 batur
345 2099 488 2169 sonasse
507 2098 724 2184 wolckerus,
756 2098 791 2165 iu
816 2097 919 2166 domo
941 2099 1138 2168 Dorotheae
1158 2120 1233 2172 eain
1257 2120 1328 2166 non

225 2220 291 2275 suo¹
305 2203 440 2279 immine
462 2199 642 2297 Gopriam,
674 2209 818 2293 propter
834 2200 1059 2292 significatum
1080 2203 1149 2271 eius
1175 2201 1326 2282 neminie,

225 2306 286 2375 sed
306 2305 499 2395 Ταχιίριον
522 2326 595 2372 esse
614 2305 803 2371 vocitatam.
823 2314 829 2327 ⁸
862 2305 908 2371 Ar
929 2304 965 2372 id
982 2306 1127 2397 scriptor
1151 2304 1327 2395 epigram-

224 2409 322 2482 matis
339 2406 433 2475 hand
447 2405 679 2497 dnbiepaiillo
700 2406 819 2473 clarius
832 2406 1026 2494 iudicasset,
1052 2430 1157 2497 quain
1175 2407 1227 2474 his
1245 2429 1327 2473 ver-

223 2512 275 2581 bis
291 2509 389 2597 fecit,
419 2505 559 2598 οὕνομα
576 2506 747 2604 Κοπρίαν
770 2503 815 2596 μ’
831 2502 1026 2599 ὠνόμασαν
1046 2511 1208 2602 γενέται,
1235 2531 1327 2598 qnae

225 2612 393 2687 communi
405 2609 566 2698 loquendi
583 2610 826 2685 consuetudine
847 2609 929 2681 nihil
950 2612 1137 2705 significant
1155 2613 1216 2680 uisi
1241 2635 1326 2698 „uo
1449 2618 1451 2623 ‘

224 2715 374 2786 minabat
396 2712 564 2804 copria.“
623 2713 694 2782 Sed
722 2714 795 2805 ipse
818 2713 982 2781 sentiebat
1007 2715 1223 2800 wolckerus,
1256 2713 1326 2782 hac

223 2821 277 2890 via
300 2818 383 2886 nihil
404 2816 542 2909 profici:
575 2839 693 2884 verum
713 2818 748 2884 iu
771 2816 898 2884 ratione
920 2817 1096 2886 reddenda
1121 2820 1236 2909 lipsus
1261 2827 1325 2902 est,

223 2945 328 3013 quum
349 2920 508 3010 scripsitz.
523 2919 592 2989 sed
614 2917 774 3006 χιίονσαι
793 2941 865 2986 non
880 2922 1133 3010 poterutsine
1153 2919 1328 2991 substan.

225 3027 298 3096 tino
311 3024 396 3093 dici.
448 3023 538 3090 Nam
552 3023 601 3089 sic
619 3022 732 3111 potius
755 3020 936 3090 dicendum
950 3034 1038 3094 erat:
1065 3018 1213 3097 θάπτον
1231 3022 1324 3091 iridi·

224 3151 308 3222 gere
328 3125 552 3195 substantivo:
581 3123 744 3211 χιιόυσαι
770 3132 900 3206 autem,
927 3127 1021 3215 qnod
1041 3149 1109 3216 qno
1129 3127 1205 3194 loco
1225 3125 1323 3216 posi-

223 3241 294 3298 tiiui
321 3240 371 3298 est
397 3229 497 3320 plane
532 3249 600 3294 nori
634 3247 720 3317 opus
752 3225 859 3294 habet
888 3229 1109 3316 substantivo,
1149 3228 1322 3348 postulare

223 3345 277 3414 nt
304 3330 408 3420 quod
428 3351 665 3446 praegressum
688 3330 731 3398 sit
755 3327 1012 3418 substantivum,
1046 3330 1178 3426 generis
1202 3332 1243 3399 sit
1266 3331 1322 3399 fe-

222 3437 345 3507 ininini.
452 3462 453 3465 ’

325 3551 471 3641 Seiuper
487 3552 592 3644 ‚igitur
610 3551 777 3620 reiicimur
794 3551 861 3618 ad
852 3559 932 3620 istos
947 3551 1160 3644 ταχειρίονς.
1213 3552 1322 3636 Quod

223 3661 249 3727 si
266 3658 471 3748 cogitamus,
504 3655 567 3722 tria
576 3656 687 3746 prima
699 3653 843 3745 disticha
852 3656 951 3724 totius
964 3656 1187 3747 inscriptionis
1201 3656 1235 3722 in
1248 3678 1321 3724 uuo

222 3764 327 3830 latere
348 3759 472 3849 scripta
492 3782 579 3843 esse,
605 3757 699 3846 qnod
716 3757 801 3824 lutus
824 3758 850 3824 si
869 3756 1019 3842 deesset,
1052 3760 1192 3848 quaein
1212 3758 1320 3826 altero

223 3867 327 3932 latere
353 3864 510 3953 leguntur
532 3860 683 3950 quemvis
708 3882 772 3950 pro
798 3861 928 3950 integro
956 3861 1198 3952 epigrammate
1217 3860 1321 3928 habi-

223 3979 352 4045 turum3
378 3966 450 4054 ipsa
471 3963 709 4030 autemlatera
729 3962 845 4028 formis
862 3962 1046 4031 litterarum
1067 3964 1216 4033 nonnihil
1232 3964 1322 4032 iuter

223 4095 259 4140 se
273 4068 427 4136 differre:
453 4087 520 4132 nou
542 4066 650 4132 solum
672 4064 820 4156 potuisse
834 4065 926 4152 lieri,
953 4067 1128 4136 sedetiam
1143 4067 1330 4135 verisimile.

224 4197 296 4241 esse
314 4169 511 4253 fatebimur,
533 4176 570 4233 ut
583 4176 653 4234 tota
666 4167 841 4257 inscriptio
850 4190 917 4235 non
928 4192 969 4236 ex
980 4193 1049 4237 uno
1062 4171 1323 4264 epigrammate,
1390 4248 1393 4254 ¹

223 4275 283 4345 sed
306 4297 348 4343 ex
362 4269 510 4353 duobus,
538 4269 643 4338 altero
666 4272 699 4337 iri
722 4271 870 4358 sinistro,
898 4273 1003 4341 altero
1024 4273 1057 4340 in
1073 4273 1190 4342 dextro
1213 4275 1324 4343 latere
