2918 4890
461 278 699 347 cumiano
727 278 883 347 nmium
911 281 1068 351 sueno,

368 794 486 903 Certa
506 825 710 923 prudentem
735 834 849 896 monet
873 788 976 920 utque
999 829 1134 903 fortem

365 970 501 1054 Polme,
528 965 663 1036 solatrix
687 965 827 1058 vigilum
848 965 1019 1055 laborum,

366 1107 436 1194 Qui
454 1127 565 1197 neque
591 1101 712 1173 exortis
739 1102 848 1170 subito
872 1104 1030 1195 procellis

625 1238 780 1308 Haesitot
800 1262 933 1330 umens,

362 1449 437 1517 Nec
461 1444 546 1516 mari
570 1442 679 1512 fidens
701 1441 855 1534 placido,
880 1445 1065 1537 propinqui

362 1584 499 1655 littoris
524 1581 658 1648 iamiam
678 1580 821 1650 tenuisse
846 1591 984 1673 portum

364 1721 507 1814 Sperat,
533 1726 682 1787 extremo
709 1718 897 1810 glomerato
921 1728 1073 1792 temnens

621 1855 746 1924 Nubila
770 1865 889 1949 ponto.

362 2061 516 2134 Perdidit
539 2061 662 2130 multos
688 2060 788 2131 animi
813 2061 952 2131 colentis

359 2203 530 2292 impetus,
555 2198 722 2287 frenoque
741 2198 837 2266 nimis
861 2201 1001 2270 remisso

324 2334 327 2345 ’
360 2342 510 2432 Praepes
535 2337 669 2407 incanto
694 2333 834 2403 volitans
860 2336 904 2404 ab
930 2360 990 2407 ore

552 2549 556 2554 ,
620 2471 777 2543 Liberior
802 2495 888 2554 νοις

359 2660 511 2733 Perdidit
531 2668 669 2750 torpens
695 2659 776 2727 afros
801 2667 977 2751 veternus,

359 2799 544 2888 Otiumqne
569 2798 748 2890 ignavum,
775 2806 809 2866 et
833 2799 932 2890 inops
956 2805 1069 2892 parati
1136 2881 1139 2888 ¹

360 2936 488 3008 Consili
512 2945 653 3028 pectus,
679 2934 900 3026 trepidusque
922 2938 1014 3007 vanis

566 3072 569 3078 ’
618 3070 748 3140 Terror
772 3060 816 3140 ob
842 3073 979 3143 umbris.

357 3257 524 3330 Providae
548 3260 651 3327 menti
677 3269 742 3328 stat
766 3259 875 3329 honos
900 3237 1044 3352 ubique,
1084 3279 1121 3337 et

356 3399 454 3467 Vtilis
479 3397 559 3465 vivit
582 3398 713 3489 patriae
739 3399 886 3487 sibique,

357 3536 427 3621 Qui
456 3535 556 3603 citam
581 3535 705 3602 callens
732 3543 884 3626 segetem
905 3533 1037 3630 fugacis

621 3669 803 3762 Corripere
828 3669 954 3762 horae,

356 3858 494 3927 Parcior
519 3859 626 3929 somni
651 3880 763 3949 neque
784 3861 987 3951 sumptuosis

354 3995 511 4066 Assidens
543 3996 673 4082 coenis,
706 3996 928 4067 diuturniores

354 4133 517 4204 Strenuus
543 4135 674 4205 confert
698 4134 744 4202 ad
768 4136 876 4203 amica
900 4133 1010 4206 Musis

615 4272 745 4343 Scrinia
769 4296 884 4369 gazas.
