2918 4890
445 312 498 377 un
519 310 704 375 uunsvnr
718 308 942 389 vmrvsovn
961 306 1010 376 aa.
1220 311 1285 374 aea

173 511 208 578 in
234 507 337 577 Laur.
363 528 393 574 a.
419 499 445 598 ἦ
470 502 537 577 κᾶν
545 559 559 594 ,
586 503 680 594 quod
707 502 812 571 habet
836 503 967 571 Iuntina
990 525 1021 572 a.
1043 495 1156 570 1547.
1179 501 1283 569 aliae-

174 636 243 702 que
266 610 344 679 edd.
406 607 512 677 Chori
534 617 609 676 sunt
632 609 737 677 verba
760 609 836 689 illa,
868 617 1051 699 postquam
1074 628 1116 674 ex
1145 605 1284 674 Electra

172 715 353 805 quaesivit,
387 712 522 780 domine
544 736 587 779 an
610 712 692 780 foris
721 711 762 779 sit
780 711 979 803 Aegisthus,
1012 733 1119 800 eaque
1139 732 1284 801 respon-

174 820 223 886 dit
239 817 309 885 ruri
326 840 410 886 esse.
461 815 656 883 Dindorfius
679 815 946 907 interrogationis
970 815 1105 906 signum
1124 812 1176 880 his
1203 836 1282 880 ver-

172 923 224 990 bis
247 920 423 1012 apposuit,
452 913 476 1013 ἦ
500 920 555 1005 δέ,
582 918 676 1009 quod
695 941 773 985 raro
795 919 829 986 in
852 919 1114 1010 interrogatione
1135 939 1292 1008 usurpes

172 1034 245 1112 tur,
275 1025 310 1092 in
331 1021 564 1114 Aristophanis
587 1024 710 1090 Avium
731 1045 764 1094 v.
784 1021 844 1092 23.
870 1022 914 1088 ab
937 1045 974 1089 se
999 1022 1183 1114 repositum
1207 1044 1283 1089 me-

171 1152 318 1198 morans.
380 1128 427 1196 At
450 1126 550 1193 valde
575 1125 739 1193 dissimilis
762 1125 848 1193 illius
872 1125 939 1193 loci
960 1126 1043 1192 ratio
1068 1132 1137 1214 est,
1170 1147 1282 1213 neque

172 1232 266 1324 apud
289 1230 516 1322 Sophoclem,
553 1230 580 1296 si
604 1229 828 1320 interrogaret
855 1228 997 1313 chorus,
1027 1228 1167 1319 potator
1188 1237 1281 1296 recte

172 1335 364 1405 addidisset.
418 1335 497 1401 Non
517 1341 631 1400 tamen
648 1342 705 1399 aut
720 1333 838 1399 vitiosa
862 1341 912 1400 est
933 1333 991 1399 illa
1013 1325 1197 1423 scriptura,
1224 1340 1282 1399 aut

171 1440 207 1507 in
227 1447 372 1506 metrum
395 1445 533 1529 peccat,
560 1434 665 1503 modo
685 1437 873 1503 meminerit
897 1436 988 1525 quis,
1016 1435 1044 1502 si
1063 1431 1087 1529 η’
1106 1432 1174 1506 dciv
1196 1437 1282 1502 scri-

171 1543 291 1624 batur,
316 1540 354 1608 id
378 1563 452 1607 esse
473 1535 497 1636 ἦ
518 1532 563 1634 δή
580 1536 635 1611 ἄν.
686 1539 762 1606 Erit
782 1537 851 1607 hoc
875 1561 1012 1629 quoque
1040 1536 1220 1629 aliquando
1246 1538 1282 1606 in

170 1645 228 1731 iis,
264 1668 369 1734 quae,
403 1643 488 1710 sicut
523 1641 740 1714 universal
772 1640 818 1713 ἄν
849 1651 1074 1727 contractum,
1105 1642 1219 1728 ¹semel
1245 1641 1281 1709 in

170 1747 283 1816 lucem
299 1755 472 1839 protracta
486 1768 553 1813 non
570 1745 713 1836 amplius
731 1734 980 1816 addnliitantur.

275 1933 335 2002 ΧΙ.
376 1933 454 2024 (l.)
496 1931 602 2024 Apud
622 1931 887 2024 Aeschylum-in
909 1930 1051 2023 Septem
1073 1932 1119 2001 ad
1138 1931 1280 2002 Thebas

71 2143 74 2149 ι
170 2060 202 2106 v.
217 2031 306 2112 568.
328 2038 433 2129 vulgo
452 2037 593 2127 legitur:

325 2189 424 2264 θεῶν
448 2181 632 2263 θελόντων
656 2184 692 2262 δ’
706 2187 752 2261 ἂν
768 2180 1019 2286 ἀληθεύσαιμ’
1035 2181 1113 2281 ἐγώ.

169 2345 250 2412 Non
274 2367 316 2412 ex
337 2343 426 2412 omni
444 2350 540 2434 parte
555 2365 673 2409 verum
694 2348 761 2427 est,
787 2340 882 2430 quod
902 2341 1097 2411 Dindorlius
1118 2342 1154 2409 in
1173 2364 1278 2433 prae-

169 2448 297 2515 fatione
325 2445 507 2538 Sophoclis
533 2445 630 2532 dicit,
663 2445 827 2513 librorum
848 2443 938 2512 hanc
966 2469 1040 2514 esse
1067 2447 1277 2537 scripturam.

169 2551 341 2618 Invenitur
363 2574 404 2618 ea
424 2548 562 2638 quidem
578 2549 612 2616 in
630 2548 708 2616 edd.
725 2549 815 2615 Rob.
834 2548 940 2621 Turn.
951 2548 1040 2622 Vict.
1063 2559 1098 2619 et
1114 2549 1278 2619 Brunchii

170 2654 247 2722 cod.
276 2654 319 2724 B.
346 2653 380 2720 in
411 2675 480 2742 quo
511 2651 557 2719 ad
584 2647 622 2724 δ’
639 2674 742 2743 supra
774 2652 935 2743 scriptum
958 2649 1007 2724 τ’.
1066 2653 1152 2724 cod
1181 2653 1276 2745 Lips.

171 2753 207 2830 δ’
222 2752 280 2831 αὖ.
335 2757 387 2824 Αο
410 2756 522 2823 nescio
546 2779 591 2822 an
614 2755 708 2844 quod
730 2777 772 2823 ex
792 2755 867 2825 cod.
891 2756 995 2822 Paris
1019 2753 1130 2824 2782.
1158 2767 1278 2824 enota-
1335 2817 1336 2821 ,

168 2868 241 2928 turn
264 2868 332 2944 est,
365 2857 411 2930 ἄν
435 2851 745 2955 ἀναληθεύσαιμ’,
777 2880 892 2926 errore
916 2858 1040 2926 librarii
1066 2882 1108 2928 ex
1135 2858 1277 2927 coniun-

170 2965 229 3031 ctis
256 2962 301 3035 ἄν
327 2971 361 3031 et
387 2958 436 3034 αὖ
460 2962 596 3028 traxerit
614 2963 788 3053 originem.
847 2961 1018 3030 Burtonus
1038 2961 1106 3034 acic
1127 2985 1170 3031 ex
1190 2961 1275 3032 Ven.

169 3067 288 3151 affert,
324 3088 392 3156 quo
422 3066 478 3132 vel
503 3065 627 3132 codicis
658 3065 847 3156 cuiuspiam
869 3066 973 3135 lectio
1001 3066 1057 3133 vel
1085 3065 1278 3156 coniectura

101 3240 106 3247 ,
169 3170 231 3236 viri
252 3168 343 3236 docti
369 3169 526 3259 exemplo
548 3167 692 3236 Aldinae
720 3169 891 3260 adscripta
918 3169 1098 3260 significari
1131 3169 1275 3240 videtur.

171 3270 338 3340 Omittunt
360 3267 397 3342 δ’
412 3271 522 3337 codex
545 3270 710 3338 Brunchii
730 3272 772 3339 A.
796 3271 894 3339 Colb.
914 3270 949 3342 2.
974 3272 1055 3341 Bar.
1076 3270 1111 3340 4.
1165 3272 1276 3341 Guel-

168 3374 386 3465 ferbytanus,
412 3373 682 3464 Vitebergensis,
708 3373 976 3443 vindobonensis
990 3376 1032 3443 Α.
1047 3374 1090 3448 Β.
1108 3375 1152 3443 l).
1204 3373 1277 3444 Vess
1304 3382 1306 3386 ’

168 3487 266 3547 nctus
286 3476 508 3562 Bessarionis,
535 3476 637 3544 editio
662 3476 799 3550 Aldina.
851 3477 988 3566 anue,
1016 3478 1143 3569 siquid
1161 3479 1275 3565 video,

169 3605 249 3650 vera
276 3582 441 3672 scriptura
473 3587 540 3668 est,
568 3579 672 3648 modo
705 3589 798 3656 recte
831 3604 887 3648 eav
904 3589 1046 3650 utamur.
1092 3582 1276 3672 ‘Loquitur

168 3685 326 3752 Eteocles
350 3684 394 3751 de
414 3682 587 3774 Sphinge,
614 3706 702 3773 quae
721 3684 830 3751 virum
845 3683 1050 3752 Thebanum
1073 3685 1147 3753 telis
1165 3685 1276 3755 hosti-

168 3789 254 3870 libus
279 3788 465 3879 expositum
487 3795 603 3854 tenens
624 3788 659 3854 in
680 3795 776 3855 scuto
798 3786 1048 3880 Parthenopaei
1071 3789 1172 3856 affixa
1192 3798 1274 3876 erat,

169 3899 434 3982 auguratusque,
460 3913 544 3979 quos
561 3890 735 3959 Thebanis
754 3891 839 3959 ictus
855 3892 969 3984 imago
984 3893 1048 3960 ista
1068 3893 1275 3983 portendere

168 3994 336 4079 videatur,
362 3995 396 4061 in
418 3993 547 4084 ipsum,
575 3995 632 4082 qui
653 3992 729 4061 eam
749 4003 877 4087 gestet,
906 3995 1103 4064 conversum
1123 3996 1171 4063 iri.
1232 3996 1275 4064 ld

166 4097 269 4189 igitur
297 4097 479 4165 rectissime
510 4096 613 4165 faciet
646 4107 747 4188 atque
777 4099 966 4192 aptissime,
1005 4101 1274 4193 interpunctione

167 4208 314 4291 mutate,
340 4201 550 4295 appictoque
571 4201 706 4294 spiritus
