2918 4890
402 239 1027 350 urauasraracrrsarucr.
1083 321 1091 335 .
1194 286 1258 353 249

308 470 404 570 οίμφι
397 472 506 569 βίον
524 473 684 565 στυγνῶν
700 469 919 547 ἀντιάσαντι
936 474 1059 548 κυνοίν.

258 575 374 672 ἄνδρα
391 579 434 651 δι’
438 631 452 667 ,
479 570 546 650 τόν
562 574 826 673 Κυθίρηθιν’
802 578 1051 672 ανιτρίψαντο
1068 580 1222 676 τιθῆναι

77 732 83 742 ,
180 677 232 748 ab
307 675 460 770 Βοίκχου
476 706 536 751 και
528 679 673 752 λωτοῦ
689 673 915 755 πιστότατον
930 679 1065 778 ταμίην

258 781 433 905 Maricae,
461 784 707 856 παιδευθέντα
726 777 942 871 Φιλόξενον,
969 782 1232 876 οἶατιναχθιίς
1361 870 1367 883 .

308 880 430 1008 οιήυηῇ
447 878 587 981 ταύτης
595 879 686 980 η’λθι
702 879 765 958 διοί
781 879 957 974 πτόλεως,

257 982 476 1112 μιγνηίσκοις,
504 984 636 1059 α’ίουσα
653 990 767 1081 μέγαν
783 981 964 1072 πόθον,
951 986 993 1060 δν
985 989 1209 1112 Γαλατιίης

309 1087 432 1170 αὐτοῖς
446 1089 607 1217 μηλείοις
625 1085 771 1185 θήκαθ’
792 1083 864 1162 aino
878 1085 1079 1212 προγόνοις.

180 1190 232 1264 75
258 1187 370 1266 οἷοθα
387 1193 501 1265 δὲκαὶ
521 1185 588 1264 cair
605 1186 755 1281 οίοιδόν,
784 1192 826 1314 ὁη
847 1187 1066 1315 Εὐρυπύλου
1083 1195 1256 1293 πολιῆται
1349 1203 1350 1206 ’

308 1294 413 1369 Koios
430 1289 596 1385 χοίλκιιον
612 1295 754 1415 θῆκαν
745 1291 816 1368 ὑπο
809 1287 1002 1422 πλατοίηηι
1010 1349 1024 1384 ,

258 1396 418 1472 Βιττίδα
432 1390 667 1493 μολπάζοντα
681 1391 795 1494 θοην,
822 1396 903 1493 περι
918 1391 1039 1471 ποίντα
1056 1400 1218 1495 Φιλητοίν

157 1606 366 1620 ἡ

155 1757 189 1796 ea
209 1737 358 1815 scriptura
375 1735 498 1811 debeat,
521 1756 559 1796 ao
573 1738 650 1797 male
666 1733 790 1796 Homeri
807 1755 894 1796 usum
908 1734 1112 1817 interpretatis
1125 1736 1258 1798 Alexan·

154 1821 249 1882 drinio
263 1819 473 1899 grammaticis.

242 1911 292 1973 68.
316 1908 452 1984 Languet
473 1898 554 1983 οίμφλ
574 1903 863 1985 dlov,etiams1de
880 1903 941 1964 vita
958 1905 1104 1966 luctatum
1124 1927 1192 1968 cum
1208 1929 1258 1967 ca·

63 2009 65 2012 ·
154 1993 243 2053 nibus
259 1992 318 2051 dici
337 1990 510 2070 Euripidem
528 1990 641 2048 credas.
685 1989 787 2063 Quare
806 1983 975 2068 Ἀμφιβίου
995 1990 1143 2071 scriptum
1163 1993 1257 2073 luisse

153 2089 240 2160 puto.
283 2075 498 2155 Moschopulus
512 2095 581 2134 eum
593 2074 745 2134 hominem
759 2072 969 2153 Lysimachum
981 2086 1080 2135 vocat.

239 2164 292 2227 69.
316 2161 384 2220 Non
404 2161 494 2240 plane
511 2159 761 2218 contemnendum
768 2157 880 2236 ,quod
893 2157 984 2219 habet
998 2160 1087 2222 Laur.
1104 2156 1200 2244 ανδρα
1214 2184 1255 2226 τε.

153 2248 268 2308 Eodem
286 2265 376 2306 versu
398 2243 542 2304 Athenaei
563 2244 631 2306 edd.
652 2238 867 2326 οίνετρέψαντο.
910 2244 958 2303 Ex
980 2244 1070 2309 codd.
1087 2243 1163 2305 nihil
1183 2266 1255 2307 eno-

153 2342 261 2394 tatum.
304 2329 502 2389 Ruhnkenius
523 2338 625 2388 tacens
646 2329 749 2405 dedit,
777 2328 888 2407 qaod
879 2349 939 2388 ram
962 2330 1085 2390 Latinus
1108 2330 1257 2413 interpres

154 2424 377 2498 expresserat,
394 2407 617 2497 ἐνεθρέψαντο.
660 2415 843 2494 Interpretes
862 2410 915 2478 τδν
925 2434 993 2520 pro
1013 2411 1181 2479 dedictum
1201 2438 1257 2524 pu-

154 2512 228 2651 tant,
274 2500 444 2578 Elegantius
473 2499 674 2577 scriberetur,
710 2496 809 2582 ι’ίνδροι
839 2494 933 2562 δὲ
898 2522 952 2562 τον
982 2497 1239 2585 Κυθέρηθεν,“
1221 2526 1258 2568 ον

154 2588 194 2652 λθ
256 2608 336 2650 αντο.

194 2612 211 2671 ρ
228 2601 300 2740 iit.
317 2671 383 2731 Non
395 2679 477 2731 recte
487 2667 888 2748 intellexeruutinterpretea
903 2667 963 2751 hoo
977 2667 1139 2748 distichon,
1162 2691 1259 2772 quan·

155 2768 220 2819 tum
238 2778 276 2818 ex
293 2777 397 2817 eorum
413 2755 657 2816 adnotationibus
674 2753 775 2832 colligi
791 2762 902 2832 potest.
935 2753 1187 2816 Παιδευθίντα
1162 2758 1258 2836 sr'gni-

154 2844 226 2904 ficat
253 2845 461 2923 castigatum:
482 2841 605 2919 respidit
628 2837 705 2899 euim
728 2847 819 2918 poeta
839 2857 984 2918 poenam,
1013 2859 1071 2917 qua
1089 2839 1256 2902 affectura
1357 2837 1361 2845 ’

123 2929 298 3010 ·Dionysio
322 2929 422 2988 luerat
440 2926 642 2987 Philoxenus.
678 2922 760 2984 unde
782 2922 834 2982 ille
861 2924 1029 3004 τιναχθείς,
1064 2923 1258 2989 vehementer
1368 2931 1372 2948 ⁴

157 3025 341 3087 commotus,
363 3007 485 3099 ιίρυηηῐ,
508 3031 614 3110 magno
632 3029 701 3068 cum
716 3008 830 3069 eiulatu
849 3028 911 3107 per
925 2971 1030 3069 urbeni
1051 3009 1257 3092 Colophonem

155 3099 273 3158 transiit
281 3117 406 3177 ,quum
419 3119 451 3158 se
462 3101 495 3157 in
512 3097 640 3198 patriam
657 3092 785 3174 Cythera
793 3094 958 3201 reciperet.

241 3187 293 3248 73.
315 3183 398 3243 Libri
421 3183 501 3244 MSS.
524 3176 685 3264 γιγνώσκει
702 3171 806 3241 καλ
768 3197 865 3242 ουσαν
878 3178 981 3262 μέγαν.
1024 3179 1101 3240 Edd.
1117 3191 1189 3246 vett.
1206 3183 1258 3246 κοιλ
1367 3228 1370 3236 .

79 3321 81 3325 ,
157 3262 328 3349 ου’σαμέηαν
348 3268 398 3328 vel
423 3268 552 3331 καίουσα
576 3266 676 3347 μέγαν.
720 3264 899 3324 Emendavit
920 3264 1126 3327 Ruhnkanius.
1169 3266 1258 3328 Allo-

157 3352 261 3433 quitur
271 3360 359 3432 poeta
372 3353 536 3430 Leontium,
557 3351 783 3425 amicamsuam,
806 3347 921 3410 cushoc
928 3371 1046 3423 carmen
1055 3351 1197 3431 scriptum
1206 3363 1258 3414 est

242 3438 294 3504 74.
318 3436 401 3496 Libri
415 3439 542 3517 μηλίοις.
586 3434 727 3495 Correxit
739 3433 880 3513 Heringa,
901 3436 978 3496 male
992 3448 1090 3497 ιιιιιοιι
1106 3436 1260 3518 interpre

156 3533 233 3582 tans.
275 3522 414 3582 Tibicina
429 3522 479 3581 illa
500 3521 574 3598 luit,
604 3529 700 3580 amata
721 3519 883 3600 Dionysio,
905 3529 941 3580 ut
963 3543 1001 3582 ex
1013 3521 1166 3583 Athenaeo
1181 3543 1212 3604 p.
1227 3529 1256 3590 6.

156 3615 187 3674 7.
211 3619 400 3688 compertum
421 3606 577 3669 habemus.
619 3606 690 3664 Eam
711 3604 927 3666 Hermesianax
942 3605 1041 3667 dicere
1061 3607 1182 3668 videtur
1197 3610 1256 3689 pri.

156 3714 239 3754 mum
261 3713 333 3754 oves
356 3694 494 3776 pavisse,
521 3711 617 3772 eoque
635 3690 696 3752 iam
719 3700 857 3773 tempora
878 3713 979 3753 amore
997 3691 1165 3753 incendisse
1187 3693 1262 3754 rhu·
1331 3719 1333 3724 ⁴

24 3781 32 3793 ‘
156 3780 309 3839 loxenum.

241 3869 294 3927 77
317 3862 398 3924 Libri
420 3863 549 3925 Βιττίδα.
591 3861 628 3921 Id
651 3838 744 3942 quum
766 3861 913 3921 Graecum
933 3882 1043 3921 nomen
1070 3881 1132 3921 esse
1154 3861 1260 3926 docuit

156 3946 370 4024 Ruhnkenius,
391 3967 453 4007 non
471 3948 617 4008 refutavit
638 3948 834 4045 Sealigerum,
856 3946 907 4025 qui
926 3946 1027 4006 Ovidii
1051 3945 1168 4008 duobus
1183 3951 1258 4011 locis
1337 3991 1339 3997 ι
1368 3997 1370 4001 -

159 4032 309 4093 adductus
330 4034 460 4095 Βαττίδοι
478 4033 666 4092 scribendum
684 4033 810 4093 cenauit.
854 4032 923 4090 Non
943 4040 987 4091 est
1008 4031 1087 4092 enim
1104 4035 1261 4114 credibile,

103 4191 109 4197 .
157 4138 265 4177 nomen
273 4163 282 4194 ,
305 4119 387 4198 quod
407 4118 551 4199 exipsius
564 4118 696 4178 Philotae
710 4117 892 4177 carminibus
905 4126 1011 4178 notum
1024 4127 1116 4197 esset,
1138 4121 1176 4180 ab
1191 4120 1257 4182 aliis

159 4204 244 4262 aliter
259 4224 322 4264 esse
337 4202 489 4285 scriptum.
527 4204 631 4284 Itaque
645 4203 704 4263 nisi
715 4203 748 4261 in
760 4202 863 4263 Ovidii
875 4203 951 4264 locis
964 4223 1104 4284 peccasse
1116 4205 1256 4267 librarios

159 4289 350 4371 ostendetur,
372 4289 568 4370 corrigendus
581 4290 637 4351 erit
648 4288 898 4351 Harmesianactie
914 4307 1029 4351 versus.
