2918 4890
192 299 255 362 134
276 244 284 262 Χ
536 290 595 349 on
630 252 908 350 ruarrcvss
931 280 977 350 ον

196 484 307 576 aptius
324 489 374 550 est
397 473 460 553 ἑοῖο
482 503 584 573 quam
607 485 665 552 ἴοα
675 532 689 566 ,
723 487 773 547 ut.
826 476 899 546 Sed
922 471 972 548 ἵν’
990 473 1035 548 ἄν
1049 498 1154 565 quum
1175 476 1217 544 sit
1240 475 1313 543 lere

195 587 289 660 idem
306 582 398 675 quod
417 576 480 656 ἐάν
490 638 504 672 ,
531 582 664 651 videtur
679 581 715 649 id
729 580 922 672 exquisitius
937 590 1019 648 esse.
1059 579 1194 648 Eodem
1209 579 1314 647 modo

196 714 259 761 nos
272 685 423 781 wofern.

300 789 471 860 Invenitur
492 796 605 856 autem
628 793 705 869 ἴσα,
739 781 799 852 ubi
822 786 1032 878 significam,
1058 793 1096 853 ut
1118 808 1183 876 par
1210 785 1314 853 estin

198 919 236 965 re
256 892 438 987 praeterita
453 893 553 959 ctiam
571 913 648 959 cum
665 889 818 980 optativo
835 898 1063 958 constructum
1087 888 1182 980 apud
1209 887 1315 957 calli-

200 999 358 1068 machum
371 995 407 1071 h.
423 995 518 1068 Dian.
540 993 602 1067 27.

531 1141 665 1229 πολλοῖς
681 1146 719 1220 δὲ
734 1137 854 1244 μάτην
871 1139 1097 1220 ἐτανύσσατο
1116 1149 1237 1240 χεῖρας

302 1255 429 1352 μέχρις
441 1259 500 1325 ἵνα
518 1245 702 1348 ψαύσειεν.

305 1407 424 1476 Altera
432 1405 737 1498 significatiohuius
745 1404 887 1472 voculae
903 1410 1012 1487 estut,
1040 1400 1316 1471 sedeanonnihil
1445 1435 1447 1439 ·

202 1509 363 1582 differens
377 1510 420 1578 ab
435 1507 489 1591 ω’ς.
541 1511 630 1577 Nam
651 1509 809 1600 proprius
832 1507 901 1576 eius
925 1505 1137 1594 maximeque
1157 1505 1316 1593 frequens

201 1636 281 1683 usus
296 1622 355 1700 est,
381 1636 486 1703 quum
500 1613 582 1703 quid
597 1612 706 1680 obiter
719 1621 753 1679 et
768 1612 915 1702 exempli
930 1634 1047 1678 caussa
1060 1609 1217 1678 affertur:
1244 1618 1318 1675 tum

203 1716 397 1808 simpliciter
418 1717 476 1791 fini
505 1716 711 1806 consilioque
737 1713 918 1783 indicando
940 1715 1091 1783 inservit:
1133 1712 1194 1781 sed
1223 1712 1317 1804 apud

203 1821 405 1911 antiquiores
426 1830 460 1888 et
473 1821 618 1888 melioris
633 1829 733 1888 notae
749 1819 927 1911 scriptores
942 1841 1010 1886 non
1024 1827 1206 1909 usurpatur
1220 1840 1317 1884 com·
1342 1861 1345 1869 ·

203 1917 386 2016 paralionis
401 1946 534 2011 caussa,
560 1924 630 1992 sive
647 1944 851 2018 praegresso
873 1918 986 2002 οὕτως
995 1975 1009 2010 ,
1037 1922 1105 1989 sive
1124 1944 1193 1988 non
1214 1945 1316 2012 prae-

204 2050 343 2122 gress03
368 2035 405 2095 ut
420 2028 479 2112 sit,
505 2027 561 2098 ita
581 2037 639 2098 nt:
661 2027 754 2118 quod
770 2026 906 2093 labante
922 2024 1059 2094 demum
1074 2025 1158 2092 flore
1182 2024 1317 2116 linguae

205 2130 389 2199 admissum
413 2131 595 2219 invenitur,
629 2139 666 2199 ut
692 2130 786 2222 apud
809 2128 1029 2198 Plutarchum
1053 2127 1316 2221 Apophthegm.

205 2235 298 2327 Reg.
314 2258 349 2326 p.
365 2233 451 2306 179.
470 2235 513 2302 Β.
540 2236 692 2324 aliosque
708 2234 930 2302 recentiores:
956 2255 988 2301 v.
1004 2232 1144 2300 Dorvill.
1163 2230 1208 2298 ad
1224 2231 1319 2300 cha-

204 2339 257 2409 rit.
274 2361 311 2428 p.
327 2334 413 2404 562.
435 2335 539 2427 (544.
556 2338 609 2405 cd.
623 2338 734 2429 Lips.)
763 2335 954 2407 Observant
970 2345 1082 2403 autem
1097 2335 1318 2427 grammatici,

207 2462 311 2529 quum
325 2448 366 2508 ut
385 2440 551 2530 significat
572 2447 651 2528 ἴσα,
678 2463 748 2507 non
765 2440 912 2507 construi
929 2463 950 2506 a
968 2439 1122 2530 probatis
1144 2438 1318 2530 scriptori-

205 2543 269 2610 bus
285 2563 362 2608 cum
376 2540 554 2608 indicativo
571 2542 690 2627 futuri,
718 2541 812 2632 quod
830 2564 938 2633 genus
955 2542 1207 2609 constructionis
1223 2535 1319 2613 πάνυ

208 2640 352 2736 ἀμαθὲς
364 2653 464 2713 vocat
478 2644 631 2712 Thomas
646 2643 699 2717 M.
737 2645 811 2712 Nec
824 2644 981 2736 profecto
997 2644 1055 2733 qui
1072 2667 1148 2712 eam
1164 2653 1319 2712 constru-

209 2747 352 2816 ctionem
363 2747 547 2819 defendere
560 2748 671 2816 conati
679 2751 764 2831 sunt,
790 2756 828 2815 ut
840 2745 1047 2817 Abreschius
1061 2746 1202 2820 inMisc.
1217 2746 1319 2816 Obss.

207 2873 285 2918 nov.
307 2849 335 2919 I.
353 2851 387 2929 3,
403 2851 463 2925 14.
490 2853 672 2921 Dorvillius
686 2851 844 2928 adChar.
868 2874 905 2942 p.
916 2847 1004 2919 460.
1019 2848 1122 2941 (48⁰.
1135 2852 1190 2924 ed.
1204 2852 1318 2943 Lips.)

209 2953 327 3044 Toup.
348 2953 477 3046 Opusc.
497 2956 523 3022 l.
538 2980 576 3047 p.
591 2955 784 3046 438.11.p.
801 2948 887 3022 257.
940 2954 1115 3023 Ernestius
1129 2954 1175 3023 ad
1189 2955 1318 3024 Callim.

208 3054 244 3123 lr.
259 3055 336 3129 Cer.
354 3056 437 3130 138.
452 3059 637 3148 quidquam
652 3058 743 3125 aliud
755 3081 857 3147 quam
871 3065 929 3124 aut
939 3066 1114 3150 corruptos
1128 3067 1184 3126 aut
1199 3081 1319 3126 recen-

208 3158 333 3225 tiorum
355 3184 545 3251 parumque
566 3162 793 3254 probabilium
822 3162 1023 3252 scriptorum
1051 3162 1144 3230 locos
1170 3163 1319 3230 attulere.

209 3261 331 3349 Neque
351 3265 386 3328 in
406 3287 541 3331 censum
561 3267 673 3334 retulit
691 3266 788 3333 istam
812 3264 1091 3333 constructionem
1111 3267 1254 3356 scriptor
1276 3264 1320 3330 de

209 3365 339 3454 syntaxi
362 3366 396 3432 in
420 3366 571 3437 Bekkeri
593 3369 724 3438 Anecd.
750 3393 787 3462 p.
811 3365 899 3440 149.
951 3369 1147 3437 Novissimis
1176 3368 1321 3456 denique

161 3555 163 3560 A
210 3468 419 3559 temporibus
435 3471 650 3540 observatum
662 3482 713 3542 est
727 3496 747 3540 a
760 3473 837 3540 viris
853 3471 972 3556 doctis,
999 3479 1059 3544 ἵνα
1077 3481 1117 3540 ut
1129 3473 1320 3563 significans

209 3570 267 3636 ubi
282 3593 360 3638 cum
376 3573 587 3643 coniunctivo
609 3584 836 3660 construatur,
863 3575 962 3643 etiam
978 3575 1179 3666 particulam
1194 3574 1239 3645 ἄν
1256 3574 1321 3640 ad-

210 3673 373 3762 spernari,
399 3682 437 3741 ut
454 3677 690 3746 alloederlino
710 3680 744 3746 in
759 3683 835 3749 Act.
852 3678 949 3745 Mon.
964 3678 992 3750 Ι.
1007 3702 1045 3769 p.
1061 3675 1122 3749 37.
1140 3679 1185 3744 ab
1200 3677 1320 3744 Elms-

209 3774 766 3870 leioadOed.Col.189.aliisque.
795 3783 980 3848 Potuerant
992 3782 1093 3848 etiam
1105 3781 1322 3848 indicativum

211 3886 246 3945 et
266 3879 453 3967 optativum
469 3883 606 3952 addere.
660 3885 738 3952 Non
752 3883 860 3975 magis
874 3883 962 3951 enim
983 3884 1017 3950 in
1036 3883 1088 3952 his
1102 3885 1198 3953 verbi
1212 3883 1321 3951 modis

209 3979 352 4048 adiectio
372 3987 557 4074 particulae
574 3987 619 4061 οἲο
641 3988 739 4056 certis
756 3999 789 4054 et
804 4009 872 4054 non
894 3986 1003 4055 dubiis
1022 3989 1184 4081 exemplis
1200 3987 1316 4055 defen·

122 4116 124 4121 ¹
179 4118 182 4123 ·
209 4083 245 4152 di
256 4082 390 4176 poterit.

309 4185 399 4256 Illud
416 4213 495 4258 vero
512 4194 661 4261 omnium
677 4193 820 4260 maxime
835 4191 988 4261 mirabile
1005 4203 1071 4280 est,
1096 4191 1192 4282 quod
1204 4213 1318 4284 gram·

209 4291 323 4360 matici
331 4292 432 4361 etiam
447 4289 690 4389 αἰτιολογικόο
698 4295 881 4387 quemdam
891 4297 1115 4389 significatum
1128 4294 1226 4364 huius
1238 4317 1322 4386 par-
