2918 4890
580 296 891 361 COLVTHI.
1228 304 1293 368 210

182 499 236 564 θα
263 485 296 563 δ’
306 545 319 579 ,
353 486 414 556 sed
437 479 567 562 ἐνθάδ’
586 489 790 577 correxeris,
818 491 897 559 satis
917 489 1006 558 bene
1029 491 1141 559 omnia
1163 491 1291 561 cohae-

181 595 312 663 rebunt.
339 592 415 659 Erit
430 590 515 658 illud
532 584 665 664 ἐνθάδε
681 591 726 659 ad
738 593 860 660 montis
875 593 958 662 ldae
972 595 1048 662 loca
1063 595 1290 679 referendum,

181 700 215 766 in
239 697 360 787 quibus
384 693 535 786 degebat
556 695 683 782 Pariss
701 705 739 763 ut
761 695 829 762 iam
854 706 1013 786 sequatur
1038 697 1121 787 quid
1140 698 1195 766 ille
1218 708 1290 767 tum

183 803 309 894 egerit,
336 800 440 890 quum
459 797 600 865 adeum
621 799 751 867 veniret
770 796 971 869 Mercurius.
1024 802 1113 869 Ante
1137 803 1291 892 ultimum

181 904 305 973 horum
319 924 477 971 versuum
496 900 623 992 aliquid
639 903 802 971 excidisse
822 903 877 970 vix
894 903 1177 996 potestdubitari.

198 1059 203 1078 .
234 1007 328 1180 πρό.
344 1004 431 1078 12Ί.
458 1005 503 1075 de
524 998 690 1100 μεθήσας
709 1005 872 1076 videndus
890 1007 1084 1077 Lobeckius
1103 1007 1148 1076 ad
1163 1008 1289 1101 Phryn.

181 1135 218 1203 p.
313 1167 321 1183 .

286 1247 327 1318 V
343 1243 429 1314 136.

233 1400 365 1497 χειροῖν
381 1393 605 1492 μειδιόωντα
621 1398 717 1497 δίνης
730 1399 989 1524 προπάροιθεν
1008 1401 1140 1475 ἑλοδσα

234 1509 334 1576 τοῖον
354 1497 581 1599 Ἀλεξάνδρῳ
595 1498 794 1600 μυθήσατο
810 1504 937 1598 μόθον
956 1499 1109 1602 Αθήνη.

182 1657 308 1725 Tribus
323 1656 411 1724 haec
429 1656 554 1725 affecta
574 1665 650 1726 sunt
667 1657 762 1744 vitiis,
783 1659 907 1750 primo,
925 1657 1021 1747 quod
1034 1681 1102 1726 non
1117 1667 1194 1726 sunt
1207 1683 1293 1728 nexa

183 1759 430 1852 superioribus3
454 1762 614 1846 secundo,
630 1761 724 1852 quod
740 1784 810 1828 non
825 1770 970 1852 apparet
985 1784 1045 1828 cur
1058 1762 1152 1831 Paris
1167 1762 1294 1846 rideat3

183 1866 298 1950 tertio,
324 1865 419 1953 quod
435 1865 611 1934 Minervae
631 1888 813 1957 personam
830 1863 976 1932 dedecet
997 1863 1054 1931 hic
1078 1867 1293 1958 supplicandi

182 1967 313 2039 modus.
347 1967 379 2034 E
394 1969 470 2036 cod.
485 1969 573 2037 Μαι.
589 1968 761 2060 scripturis
776 1972 860 2060 pact
881 1994 902 2038 ν
930 1994 1017 2039 εντα
1034 1976 1068 2034 et
1082 1969 1119 2035 in
1132 1970 1200 2038 fine
1214 1993 1293 2038 ver·
1318 2028 1320 2033 ,

183 2094 238 2138 sus
256 2063 402 2164 ε’λόσσης
421 2095 542 2140 vereor
563 2081 600 2139 ut
616 2071 742 2160 aliquid
761 2072 832 2139 erui
845 2070 962 2162 possit.
1014 2069 1094 2138 Fuit
1108 2071 1203 2140 haud
1225 2073 1291 2141 du·
1312 2115 1315 2120 ·

183 2175 239 2242 bie
253 2196 319 2265 pro
334 2173 402 2241 hoc
419 2199 520 2243 versu
541 2175 633 2242 aliud
648 2173 732 2262 quid
752 2175 914 2266 scriptum
929 2197 950 2240 a
967 2182 1089 2263 poeta:
1114 2175 1189 2268 ipse
1211 2199 1292 2245 ver-

184 2300 240 2345 sus
257 2284 370 2344 autem
389 2287 423 2345 et
439 2279 604 2371 genuinus
625 2285 675 2345 est
689 2286 724 2346 et
738 2278 938 2369 aptissimus
965 2276 1040 2344 siin
1056 2277 1169 2346 locum
1184 2279 1343 2350 suumlb

183 2388 369 2470 reponatur
382 2390 463 2474 post
474 2405 507 2456 v.
524 2376 612 2450 158.
626 2380 687 2448 ubi
698 2381 743 2450 de
755 2378 890 2451 Venere
904 2376 1132 2473 impudentius
1150 2383 1293 2452 instante

184 2505 295 2552 sermo
315 2491 382 2552 est:

234 2643 320 2711 τοΐα
335 2637 374 2711 δὲ
388 2613 587 2730 μειδιόωσα
604 2630 818 2733 προςδννεπε
833 2634 1093 2758 μηλοβοτῆρα,

236 2767 368 2839 χειρων
381 2734 606 2833 μειδιόωντα
621 2739 715 2836 δίκης
729 2731 984 2835 προπάροιθεν
998 2737 1141 2811 ἑλοῦσα.

288 2893 330 2968 V.
348 2893 434 2962 144.
461 2894 573 2963 Νοοαί
593 2901 796 2997 sectatorum
814 2891 905 2959 stilus
920 2890 1020 2959 scribi
1033 2892 1146 2980 iubet,

236 3062 391 3145 πείθεο,
418 3065 478 3140 ιιαὶ
490 3064 669 3153 πολέμους
681 3089 720 3134 σε
737 3060 796 3134 ναὶ
812 3057 965 3161 ἠνορέην
984 3089 1024 3136 σε
1041 3056 1182 3147 διδάξω.
1237 3051 1240 3055 ’

186 3235 282 3303 Libri
297 3236 476 3328 πολέμους
489 3263 531 3308 τε
545 3233 616 3306 κατ’.
669 3232 757 3301 Sunt
766 3231 855 3300 haec
870 3232 979 3318 levia,
1009 3232 1071 3301 sed
1088 3243 1202 3302 tamen
1223 3258 1292 3304 non

186 3336 401 3430 negligenda.
453 3337 630 3406 Eiusmodi
651 3344 702 3403 est
727 3356 918 3425 pronomen
943 3337 1000 3426 σε’,
1035 3337 1130 3424 quod
1151 3360 1182 3405 v.
1207 3338 1291 3410 148.

186 3450 279 3510 recte
297 3439 478 3509 Bekkems
498 3449 534 3509 et
546 3438 738 3508 Wemduus
760 3436 805 3506 ad
818 3437 955 3506 Coluth.
974 3463 1010 3530 p.
1027 3437 1113 3506 264.
1128 3449 1207 3531 post
1222 3437 1292 3512 πά-

188 3571 271 3641 σης,
297 3567 366 3612 non
382 3551 463 3636 post
476 3539 619 3650 Ἀσίης,
645 3550 683 3609 nt
696 3541 906 3634 Lennepius,
931 3543 1291 3616 insertumvoluerunt.

187 3648 226 3716 ln
235 3671 277 3717 eo
290 3656 403 3717 autem
420 3669 480 3738 qur
468 3640 666 3714 antecedit
681 3667 782 3715 versu
789 3645 954 3715 verbane
970 3645 1130 3739 distingui
1147 3645 1292 3718 debent:

241 3820 278 3892 εὶ
287 3845 336 3913 με
352 3817 545 3916 διακρίνων
558 3817 916 3916 προφερέστερον,
894 3844 994 3914 ερνος
1010 3810 1197 3898 ὀπάσσαις.

84 4013 88 4020 ’
188 3989 297 4059 {muro
314 3991 349 4062 εἰ
361 3990 429 4082 με’,
454 3989 606 4080 inquiant
619 3991 678 4080 qui
697 3988 790 4083 apud
810 3985 1128 4080 Tryphiodorume
1149 3986 1292 4064 v..405.

188 4092 236 4184 μὲ
250 4092 310 4166 ιιαὶ
329 4085 462 4189 αὐτήν,
484 4092 620 4182 aliaque
636 4093 715 4162 alibi
727 4092 844 4162 similia
858 4090 1100 4183 procuderunt,
1127 4115 1214 4181 quae
1227 4117 1292 4161 no-

189 4196 240 4264 bis
258 4219 327 4264 non
344 4194 499 4265 videntur
513 4219 587 4265 esse
606 4219 674 4265 non
689 4196 880 4289 appetentis
902 4195 1188 4269 soloecismorum.
1235 4195 1295 4271 Ἦ

190 4293 235 4392 μ’
251 4293 413 4397 ἀνάειρ’,
440 4291 547 4396 ἢέγά
561 4299 610 4372 σε’.
