2918 4890
171 275 213 345 12
510 243 568 339 nh
590 240 929 340 rsnrrcvnn‘av

172 467 288 540 uidet:
313 464 403 537 uwel
423 464 658 552 belwmmm,
689 467 782 539 nieht
802 464 845 560 ja
868 469 967 536 einer
984 466 1109 537 welter
1129 467 1189 537 uls
1205 468 1276 537 der

172 573 322 642 andere.
373 570 413 638 ld
431 592 512 639 vero
528 579 580 640 est
590 572 677 656 eius,
704 572 762 661 qui
777 571 955 664 probabile
969 580 1003 639 et
1016 580 1276 640 consentaneum

172 698 246 744 esse
269 673 443 762 dicit,·ita
461 674 553 757 fieri,
580 675 641 742 elsi
662 697 730 743 non
751 674 796 742 ait
814 674 916 766 plane
939 674 1162 742 necessarium
1188 698 1273 745 esse.

171 778 250 846 Hoc
273 777 410 846 enimsi
433 777 520 866 vult,
552 776 813 866 dicendumest,
847 773 1047 873 ἀναγκαίως
1065 771 1141 874 πρό
1161 775 1184 850 ὅ
1205 780 1276 851 τοῦ

169 875 327 978 ἐνόησεν.

271 983 430 1076 Apparet
449 1005 492 1053 ex
515 982 584 1076 his,
615 993 654 1054 ut
675 986 812 1078 opinor,
841 981 978 1073 etquid
998 981 1156 1051 differant
1177 983 1275 1075 ipsae

171 1088 354 1178 particulae
371 1090 458 1156 iuter
477 1111 568 1174 sese,
594 1089 724 1180 etquid
745 1089 897 1180 singulae
914 1088 1110 1179 oppositum
1135 1089 1276 1180 cogitari

171 1191 352 1282 postulent.
401 1191 500 1276 Quae
516 1193 673 1284 siponeis
688 1191 980 1283 comprehendere
999 1191 1161 1276 volumus,
1188 1191 1275 1259 haec

171 1304 255 1387 sunt.
307 1294 424 1379 Quum
437 1297 519 1375 ἴσως
532 1296 577 1362 ad
592 1318 652 1379 ea,
678 1318 766 1385 quae
787 1303 927 1386 possunt
940 1294 1031 1375 fieri3
1057 1287 1130 1365 nod
1151 1294 1195 1360 ad
1213 1319 1275 1362 ve-

169 1397 336 1478 risimilia3
362 1394 407 1469 du
421 1406 455 1463 et
472 1398 530 1470 κὲα
545 1397 591 1465 ad
609 1420 668 1482 ea,
693 1421 781 1487 quae
794 1398 932 1465 fortuita
945 1405 1036 1478 sunt,
1062 1397 1082 1467 i.
1103 1419 1133 1467 e.
1151 1420 1193 1464 ex
1211 1398 1274 1464 ali-

171 1522 239 1590 qua
254 1498 444 1566 conditione
457 1500 628 1589 pendent3
653 1500 693 1572 τὲ
709 1500 853 1589 denique
867 1500 912 1566 ad
926 1499 1114 1590 probabilia
1128 1490 1274 1591 spectet:

172 1602 309 1670 dubitan
339 1692 342 1697 Ι
384 1650 394 1688 ,
420 1601 447 1668 si
466 1604 547 1682 ἴσως
561 1602 739 1689 adhibeat,
765 1604 811 1670 ita
830 1603 1084 1684 confirmamns3
1116 1625 1188 1670 uon
1213 1626 1275 1672 so·
1371 1640 1375 1645 ·

172 1706 247 1774 lum
261 1609 385 1799 pgt
399 1725 486 1789 esse,
512 1705 581 1773 sed
594 1714 669 1787 est;
694 1707 721 1772 si
737 1698 828 1776 nod:
853 1727 923 1772 non
938 1705 1274 1794 solum-verisimile,

171 1809 240 1878 sed
252 1822 378 1876 uerum
390 1815 467 1888 σείς
491 1808 517 1874 si
534 1806 579 1879 ἄν
592 1809 648 1876 vel
662 1810 739 1881 adut
763 1830 834 1877 nou
851 1809 967 1876 sulum
982 1808 1186 1877 conditione
1203 1810 1275 1876 uli-

173 1928 257 2002 que,
274 1910 344 1980 sed
357 1909 498 1978 omniuo
514 1919 587 1993 σείς
608 1912 634 1978 si
647 1912 692 1984 σε’
698 1941 709 1978 .·
723 1933 794 1979 non
808 1912 925 1980 solum
934 1909 1129 2003 probabile
1144 1921 1179 1982 el
1188 1932 1273 1982 cuu-

169 2020 397 2101 leuluneum,
423 2013 490 2081 sed
509 2014 759 2084 necessarium
782 2023 847 2088 est.

272 2119 354 2186 Non
368 2117 472 2185 absre
484 2115 598 2211 luerit,
609 2118 695 2187 haec
711 2119 810 2190 etiam
825 2119 889 2187 alio
901 2119 1056 2213 exemplo
1065 2120 1273 2207 confirmare,
1303 2134 1313 2146 ‘

102 2320 106 2327 .
169 2217 295 2313 odyss.
311 2248 346 2295 α.
361 2216 446 2291 lut.

147 2458 153 2473 J
222 2368 303 2448 ἀλλ’
329 2373 385 2447 ἔτι
409 2364 591 2463 ποαζωδς
615 2368 847 2465 κατερύκεται
875 2371 973 2469 εὐρέϊ
995 2367 1126 2472 πόντῳ.

104 2560 113 2573 .
170 2518 257 2594 Non¹
271 2524 381 2618 poluit
402 2521 460 2590 hic
476 2526 530 2610 τέ,
554 2533 611 2592 aut
632 2525 726 2614 quod
740 2526 856 2616 paullo
873 2527 989 2596 fortius
1011 2536 1071 2614 est,
1099 2528 1157 2600 τοὶ
1180 2530 1271 2620 poni.

170 2627 247 2696 Hac
270 2628 357 2694 enim
375 2627 540 2717 particula
556 2627 716 2696 indicaret
730 2627 902 2716 Minerva,
924 2652 993 2698 non
1009 2631 1113 2698 modo
1137 2655 1191 2715 se,
1212 2631 1274 2699 sed

171 2730 271 2799 etiam
292 2729 554 2818 Telemachum,
590 2753 691 2820 quem
710 2732 906 2824 alloquitur,
945 2743 1074 2801 tantum
1092 2735 1210 2801 abesse
1236 2744 1274 2800 ut

169 2842 339 2902 mortuum
354 2824 474 2924 putent
496 2833 668 2924 Vlyssem,
694 2844 732 2902 ut
756 2858 834 2903 eum
857 2837 968 2904 vivere
985 2859 1108 2929 parum
1123 2837 1273 2922 dubium,

169 2939 272 3006 immo
285 2936 464 3028 probabile
479 2959 553 3004 esse
568 2937 716 3008 credant.
752 2937 879 3005 Contra
893 2941 920 3006 si
937 2942 1018 3020 ἴσως
1033 2940 1178 3022 dixisset,
1204 2962 1274 3007 non

169 3041 311 3109 multum
326 3039 481 3129 profecto
496 3039 748 3111 contulisset—ad
761 3042 1002 3108 consolandum
1011 3043 1273 3110 Telemachum:

169 3165 248 3212 nam
261 3142 334 3233 ipse
346 3141 481 3224 sciebat,
508 3142 669 3230 quamdiu
685 3165 754 3210 non
772 3153 938 3211 constaret
953 3145 997 3212 de
1005 3154 1119 3212 morte
1135 3146 1272 3234 Vlyssis,
1354 3133 1363 3149 ’

169 3245 307 3314 forsitan
323 3245 434 3312 virere
447 3244 550 3331 illum,
567 3246 665 3331 eliam
677 3245 830 3336 siparum
843 3257 931 3314 esset
944 3249 1132 3317 verisimile.
1161 3247 1273 3315 Multo

82 3362 84 3374 '
169 3349 276 3418 minus
293 3347 457 3443 particula
478 3347 536 3418 κὲν
554 3347 708 3417 adhiberi
723 3340 843 3439 potnit
894 3350 945 3417 lta
966 3350 1053 3417 enim
1071 3351 1273 3442 significaret

168 3450 336 3536 Minerva,
362 3471 398 3517 se
420 3448 458 3516 id
473 3458 622 3534 sumere,
647 3459 818 3541 tamquam
834 3452 927 3540 quod
944 3476 1021 3520 casu
1037 3453 1191 3520 accidere
1206 3476 1274 3544 po-

167 3553 286 3634 tuerit,
318 3551 430 3620 vivere
452 3551 625 3641 Vlyssem‚
647 3554 761 3621 sinon
784 3555 944 3646 periisset.
997 3556 1102 3639 Quod
1125 3556 1273 3623 Germa-

167 3657 242 3726 nice
259 3655 369 3740 dicas,
394 3675 437 3723 er
461 3653 535 3723 lebt
554 3664 648 3724 σασα
667 3657 769 3728 noch.
820 3658 867 3724 At
887 3658 973 3725 haec
995 3667 1065 3724 mm
1080 3659 1170 3726 nulla
1190 3659 1273 3725 fuis-

168 3766 220 3828 set
232 3757 426 3846 consolatio,
452 3765 490 3824 ut
505 3758 605 3826 etiam
618 3758 767 3828 minuere
783 3759 953 3828 debuisset
966 3783 1073 3851 spem,
1094 3784 1182 3851 quae
1198 3761 1272 3829 Te-

39 3860 40 3864 ’
75 3912 78 3917 -
167 3858 323 3931 lamacho
337 3859 521 3928 admodum
536 3862 658 3953 exigua
670 3863 786 3931 relicta
802 3871 884 3930 erat.
934 3863 990 3930 Ex
1007 3863 1059 3930 his
1072 3873 1184 3955 patet,
1210 3888 1272 3932 nc-

80 3984 83 3990 ·
169 3961 312 4033 cessario
333 3962 495 4030 utendum
517 3963 620 4032 fuisse
636 3965 801 4055 particula
821 3959 914 4052 nod,
948 3989 1036 4054 qnae
1058 3968 1135 4055 qnia
1157 3968 1273 4058 prodit

168 4067 358 4161 Minervam
372 4066 549 4151 verisimile
565 4077 685 4159 putare
701 4067 813 4136 viuere
832 4068 1000 4162 Vlyssem,
1027 4071 1098 4140 sola
1112 4071 1271 4140 Telema-

170 4170 272 4243 chum
287 4167 333 4239 ad
347 4168 500 4239 eamdem
514 4177 627 4266 potest
639 4169 798 4242 fiduciam
813 4171 953 4267 erigere.
1045 4215 1049 4219 -
