2918 4890
558 265 644 325 LIB.
668 212 699 326 Ι..
738 261 922 326 CAP.14.-
1241 262 1285 325 15

169 462 227 530 Fit
244 460 314 528 hoc
338 466 452 528 autem
471 457 538 541 ita,
565 464 601 522 ut
618 455 750 522 sublata
772 451 981 538 conditione,
1008 451 1101 519 cuius
1124 449 1283 518 indicium

171 574 224 633 est
239 563 305 652 ἄν,
331 564 458 630 incerta
480 559 587 627 oratio
602 558 636 625 in
652 565 778 625 certam
801 563 963 641 mutetur,
991 555 1128 644 eiusque
1148 563 1284 623 contra-
1374 649 1377 655 Ι

112 742 114 745 ,
170 670 261 736 rium
277 667 492 759 intelligatur.
544 658 785 753 Aristophanes
802 658 934 730 Eccles.
954 655 1040 729 772.

644 789 647 799 ,
719 805 721 811 ’
765 807 846 884 ἀλλ’
873 803 959 883 ἴδιόν
985 804 1197 909 ἐπειθόμην.

171 971 270 1039 Male
291 967 481 1048 Brunckius
502 965 624 1052 edidit,
660 959 742 1037 ἀλλ’
764 957 850 1036 todo
874 962 920 1034 ἄν
942 957 1134 1059 ἐπιθόμην.
1188 966 1284 1036 Per-

171 1072 346 1158 suasisti,
371 1070 432 1140 obi
448 1070 585 1139 videro.
638 1066 757 1134 ldem
748 1090 782 1133 m
797 1067 952 1135 Nubibus
966 1091 997 1135 v
1015 1065 1153 1141 1338..

196 1276 201 1287 -
277 1218 495 1322 ἐδιδαξάμην
524 1223 653 1340 μέντρι
680 1246 720 1292 σι
745 1247 789 1315 νη
821 1218 908 1307 Δι’,
933 1215 961 1291 ω’
985 1221 1092 1312 μέλι,

277 1333 397 1401 τοῖσιν
424 1323 575 1404 δικαίοις
603 1319 822 1414 α’ντιλέγειν,
850 1325 885 1400 εἰ
907 1321 1028 1396 ταῦτα’
1052 1353 1092 1417 γι

277 1432 417 1524 μέλλεις
441 1455 471 1515 μ
513 1423 739 1512 ἀναπείσειν,
765 1452 810 1504 ως
834 1423 973 1547 διίιαιρν
999 1427 1058 1499 ιιαὶ
1085 1423 1195 1502 ιιαλόν

278 1526 346 1606 τόν
370 1532 513 1628 πατέρα
540 1523 724 1602 τόπτισθ
749 1526 846 1600 ἐστὶν
873 1523 945 1602 όπό
970 1529 1043 1604 τῶν
1068 1534 1182 1606 υἱέων

172 1689 258 1760 Si
232 1710 303 1757 eme
321 1685 427 1754 ironia
448 1639 606 1774 loquetus
625 1689 728 1765 esset,
755 1677 956 1750 dixisset'
912 1708 976 1754 ουιι
1000 1683 1046 1758 dv
1066 1685 1284 1809 ἐδιδαξάμην

109 1794 112 1801 ’
175 1818 227 1866 σι
260 1789 495 1880 Aeschinesp
512 1782 599 1858 175
627 1782 730 1874 (368.
759 1779 796 1878 δ.
816 1783 921 1875 181.)
906 1785 1030 1879 ταχυ
1044 1817 1115 1888 γαρ
1135 1793 1283 1916 Τίμαρ-

174 1919 243 1986 χον
274 1885 385 1990 ἢτόν
410 1890 573 1964 ια’ναιδον
602 1889 847 1985 Δημοσθένην
879 1890 978 1963 ιῖασι
1010 1889 1283 1971 πολιτεύεσθαι.

174 1996 305 2068 Omnes
331 1995 389 2063 hic
412 1994 488 2062 libri
508 1989 710 2061 omittunt
685 2016 731 2063 αν
739 2044 754 2080 ,
781 1990 923 2082 quod
892 1992 954 2059 vrri
975 1991 1067 2063 docti
1086 2020 1154 2066 non
1173 2003 1283 2095 magis

102 2106 104 2110 ’
175 2101 349 2170 debebant
367 2120 556 2190 reponere,
583 2118 686 2186 quam
703 2121 798 2183 ταχυ
804 2148 818 2182 ,
844 2095 1022 2186 proprium
1038 2101 1223 2172 orationis
1212 2128 1283 2174 rro-

175 2205 288 2292 nicae,
320 2204 355 2270 in
382 2194 479 2289 τόχα
506 2208 647 2271 mutare.
699 2196 877 2266 Bekkerus
906 2208 1019 2267 tamen
1045 2198 1139 2292 ταχύ
1164 2236 1186 2300 y
1228 2206 1284 2282 ἄν.

94 2394 96 2399 ⁴
174 2308 286 2378 Recte
306 2328 388 2375 vero
408 2303 494 2372 libri.
546 2302 652 2372 Sine
642 2300 748 2369 tronis
769 2298 958 2370 diceret'
913 2328 978 2375 ουιι
994 2300 1040 2377 dv
1060 2306 1169 2436 εἴαρι.
1221 2311 1286 2379 Di-

97 2404 100 2409 ’
175 2409 361 2486 narchus
351 2432 387 2476 m
412 2407 481 2475 tine
513 2406 669 2474 orationis
696 2404 731 2471 in
758 2403 1041 2498 Aristogitonem:
1075 2407 1287 2501 ιιαίτοι,ω

176 2509 403 2638 Αθηναῖοι,
419 2509 459 2583 τί
472 2507 518 2583 ἂν
534 2511 659 2582 οἴεσθε
685 2507 837 2630 ποιῆσαι
859 2507 1013 2592 ιἰιιένουι
1034 2506 1118 2594 νοός
1129 2513 1285 2636 ἄνδρας,

177 2611 403 2710 λαβοντας
379 2642 401 2710 η
427 2605 631 2709 στρατηγόν
653 2609 676 2705 ἢ
697 2605 836 2706 ῥήτορα
856 2611 1043 2742 πολίτην*
1025 2615 1165 2689 εαυτοῖν
1186 2620 1286 2744 δόρυ

178 2711 419 2842 δεχέμινον’
400 2715 458 2790 rut
477 2721 554 2795 τοῖς
574 2713 639 2809 τῆς
657 2715 832 2809 πατρίδος
852 2717 1124 2837 συμφέρουσιν,
1158 2728 1195 2793 οἱ
1217 2719 1285 2797 τόν

178 2814 402 2942 ἀλλότριον,
392 2846 454 2891 ιιαι
470 2817 525 2912 τῷ
545 2817 639 2909 γένει
665 2813 725 2887 ιιαὶ
742 2816 788 2911 τῇ
809 2809 918 2910 φύσει
940 2817 1003 2940 της
1026 2814 1241 2903 εἘλλιιίλοι
1215 2853 1285 2898 αν-

178 2934 333 3046 θρωπσν
357 2919 453 2994 οὕτω
471 2918 613 2999 donatore
629 2916 688 2989 ιιαὶ
709 2912 902 3042 σωφρόνως
916 2913 1123 3017 ἑξήλασαν’
1105 2951 1143 2996 ιιι
1161 2931 1285 3002 Πελο-

179 3019 364 3122 ποννήσου
378 3016 513 3147 πόσης·
500 3078 511 3114 ,
529 3015 719 3141 τοιγάρτοι
729 3048 806 3144 της
806 3015 1007 3103 πόλεωςναι
1016 3052 1089 3097 των
1098 3023 1286 3124 προγόνων

181 3124 287 3210 α’ξίως
303 3119 554 3201 ἐκινδύνευσαν
569 3117 658 3222 πρός
673 3151 739 3195 τον
754 3117 956 3220 βαρβαρον.
991 3127 1168 3199 Postrema
1182 3135 1287 3203 verba

180 3231 242 3300 nisi
262 3231 388 3298 ironice
412 3229 578 3320 accipias,
611 3227 714 3319 plane
736 3226 850 3318 inepta
870 3237 960 3297 sunt.
994 3230 1056 3298 sed
1080 3255 1158 3303 cum
1180 3237 1287 3306 ironia

181 3333 271 3401 diota
284 3333 439 3402 eximiam
456 3333 524 3399 vim
537 3331 673 3399 habent.
713 3329 827 3397 Voluit
843 3331 931 3398 enim
946 3342 1057 3400 orator
1072 3335 1141 3405 hoc
1157 3337 1287 3409 dicere:

181 3437 298 3530 digne
313 3435 454 3504 seilicet
471 3444 507 3504 et
524 3434 669 3504 civitate
687 3442 724 3502 et
739 3431 939 3504 maioribus
951 3436 1158 3529 periclitati
1178 3453 1288 3513 erant

181 3540 364 3610 adversus
379 3536 600 3626 barbarum,
620 3538 736 3618 sinon
751 3537 790 3606 ιἰι
809 3537 923 3609 civem
941 3541 1288 3617 animadvertissent

181 3643 296 3714 etiam
308 3643 478 3715 severius.
