2918 4890
199 288 244 418 σε
564 345 622 406 σε
644 298 921 406 ειιιιισιιιι
943 339 987 407 ει

203 538 309 632 Apud
323 537 453 606 Atticos
469 533 556 604 haee
570 534 839 625 frequentissima
853 543 945 622 sunt,
972 504 1010 603 ut
1023 530 1062 606 τί
1076 533 1150 627 φολ·
1175 533 1321 625 Euripi-

205 643 266 712 des
282 641 369 710 Her.
387 634 499 708 1057.
621 678 624 685 ·

256 793 311 890 uqi
322 793 379 887 βοΐ
386 818 397 876 ;
421 791 476 888 πᾷ
489 789 564 864 oroi
572 818 586 882 ,·
612 790 666 886 uqi
683 791 813 880 κέλσας

205 946 378 1039 Aristoph.
394 947 484 1016 Ran,
499 944 533 1014 1.

258 1102 345 1174 εἴπω
365 1127 402 1173 τι
420 1097 494 1173 τοῖν
510 1091 697 1172 εἰωθότων
704 1126 718 1190 ,·

206 1255 305 1323 Patet
324 1252 516 1320 huiusmodi
539 1253 726 1320 orationem
746 1250 928 1342 elliptioam
944 1272 1034 1335 esse,
1061 1257 1099 1316 ut
1117 1249 1322 1340 intelligatur

207 1357 330 1427 nescio
345 1367 403 1423 aut
424 1355 632 1439 nesciorum,
658 1356 714 1423 vel
729 1356 834 1433 simile
853 1353 945 1443 quid.
998 1353 1114 1437 Quare
1131 1354 1157 1420 si
1171 1351 1238 1419 hoc
1257 1377 1323 1443 ge-

207 1483 269 1528 nus
290 1460 324 1526 in
353 1458 491 1547 obliqua
517 1458 783 1548 interrogatione
804 1465 1004 1546 usurpatur,
1036 1454 1119 1521 nihil
1142 1453 1256 1521 diflert
1278 1455 1322 1520 ab

207 1570 301 1629 recta
319 1560 601 1651 interrogatione,
627 1569 665 1626 ut
683 1582 785 1648 quam
798 1582 836 1626 re
852 1581 934 1625 vera
949 1560 1060 1649 ipsam
1079 1578 1217 1647 quoque
1234 1557 1322 1623 obli·-

208 1685 311 1751 qnam
331 1670 451 1752 putare
467 1670 633 1752 oporteat.
686 1662 884 1729 Deliberare
904 1669 1017 1728 autem
1029 1658 1112 1749 qnid
1130 1659 1323 1726 faciendum

208 1767 269 1849 sit,
296 1765 384 1832 etin
402 1766 521 1833 nostris
538 1765 639 1856 rebus
662 1764 724 1831 et
714 1787 749 1831 ιιι
768 1763 881 1831 alienis
898 1785 1089 1854 possumus.
1140 1761 1239 1829 Vnde
1264 1763 1321 1828 hic

209 1867 437 1936 coniunctivas
456 1869 605 1934 omnium
618 1889 839 1959 personarum
854 1875 914 1963 est.
967 1867 1014 1934 Vt
1030 1866 1124 1956 quod
1138 1865 1231 1958 apud
1248 1866 1322 1932 Eu—

121 1989 125 1995 ·
208 1971 354 2063 ripidem
370 1972 444 2038 est
434 1994 469 2039 ιιι
486 1969 609 2040 Oreste
628 1969 713 2039 119.
910 1985 915 1990 “

261 2118 355 2199 allo?
368 2120 452 2222 δῆν
467 2125 584 2216 ἔλθοις
704 2160 707 2166 ·

210 2302 238 2349 si
226 2277 296 2346 de
312 2280 396 2365 alio,
423 2281 480 2367 qui
500 2278 682 2348 mittendus
703 2287 806 2368 esset,
832 2279 1027 2367 loqueretur
1046 2275 1204 2366 Orestes,
1230 2285 1324 2344 recte

140 2397 147 2411 ·
210 2381 348 2468 diceret,
364 2376 458 2454 ἄλλα
476 2378 560 2478 δῆτ’
570 2385 677 2478 &tem
702 2384 781 2450 Non
790 2405 899 2450 munus
914 2391 1018 2468 recte,
1033 2381 1229 2472 siPylades‚
1247 2381 1324 2468 qui·
1358 2388 1361 2394 '

210 2506 287 2551 cum
304 2485 470 2572 loquitur,
498 2494 586 2552 esset
611 2485 809 2569 mittendus,
841 2484 921 2552 huic
946 2483 1092 2567 diceret,
1123 2475 1216 2556 ἄλλα
1240 2479 1323 2576 δῆτ’

210 2586 337 2708 ἕλθῃςς
361 2585 607 2655 Demosthenes
625 2587 669 2656 de
687 2611 804 2679 corp
820 2584 906 2673 268,
923 2580 1193 2710 ειῆσηθεοι
1204 2612 1324 2656 ταυτα

210 2681 458 2785 πορεύσομαι,
492 2690 675 2763 τοσοῦτον
710 2684 825 2764 αὐτον
833 2683 1052 2812 ἐρωτήσας·
1091 2681 1249 2782 πότερόν
1285 2689 1327 2760 σε’

209 2818 280 2873 τις
304 2791 477 2888 Αἰσχίνη,
500 2793 563 2887 τῆς
577 2787 711 2874 πόλεως
726 2786 902 2888 ἐχθρόν
879 2819 900 2888 η
916 2785 1006 2884 ε’μόν
1024 2788 1118 2865 εἶναι
1131 2790 1201 2885 φῇς
1226 2789 1324 2858 Idem

210 2894 245 2962 in
265 2895 408 2967 Androt.
426 2919 463 2987 p.
478 2823 565 2984 613,
587 2893 684 2964 3.
650 2925 730 2969 ειτα
752 2891 870 2970 ταῦθ
888 2891 995 2968 οὗτοι
1013 2893 1215 2966 πεισθῶσιν
1233 2891 1324 2989 ὑπὲρ

211 2993 334 3073 αὐτοῖν
357 3023 397 3069 σε
422 3004 564 3087 ποιεῖν,
591 2998 650 3070 ναὶ
669 3027 716 3070 τα
740 2999 804 3092 τῆς
829 2998 891 3094 σῆς
914 2993 1156 3093 ἀναισθησίας
1178 3023 1236 3067 ιιαι
1260 3020 1324 3066 πο-

210 3097 333 3194 νηρίας
357 3100 444 3192 ἔργα
469 3097 530 3194 ἐφ
552 3095 704 3181 ἑαυτους
725 3097 992 3182 αποδέξωνταις
1018 3099 1090 3170 Sed
1113 3098 1208 3217 quod
1230 3097 1324 3190 apud

210 3201 410 3294 Euripidem
424 3203 568 3295 legitur,
593 3204 698 3277 Herc.
715 3205 780 3278 fur.
801 3201 913 3272 1417.

313 3354 386 3436 ποῖς
406 3380 471 3428 ουν
490 3357 548 3430 ἔτ’
567 3358 666 3454 εἴπῃς
682 3353 742 3430 ὅτι
762 3357 1010 3448 συνέσταλμαι
1027 3361 1169 3445 καινοῖς,

211 3529 332 3576 vereor
353 3517 390 3576 ut
407 3510 557 3601 potuerit
581 3533 647 3602 pro
675 3504 803 3608 μηκέτ’
826 3505 891 3583 οὖν
915 3511 1014 3606 εἴπῃς
1037 3509 1120 3596 dici,
1153 3516 1191 3575 ut
1210 3508 1322 3599 potius

213 3611 429 3679 scribendum
452 3613 606 3680 videatur
627 3613 700 3693 πῶς
726 3608 792 3685 οὖν
818 3611 983 3693 ε’νίπτεις.
1023 3611 1102 3679 Non
1123 3611 1170 3677 ita
1188 3610 1223 3678 in
1240 3633 1323 3678 oon-¹

213 3713 361 3782 iunctivo
388 3713 618 3803 adhortativo‚
655 3737 860 3806 quamquam
892 3717 922 3784 is
948 3713 1086 3807 proprie
1113 3712 1196 3780 nihil
1222 3713 1324 3798 aliud,

213 3835 316 3903 qnam
335 3817 573 3887 deliberativas
600 3827 662 3890 est.
716 3817 788 3887 Cur
803 3819 909 3887 vero?
934 3818 1069 3908 Nempe
1085 3818 1131 3884 ob
1150 3817 1187 3884 id
1202 3818 1324 3909 ipsum,

213 3917 293 4006 quia
305 3922 445 4012 proprie
463 3931 516 3992 est
530 3922 778 3991 deliberativus.
829 3923 920 3989 Nam
932 3921 1156 4012 nosmetipsos
1173 3920 1255 4009 quid
1270 3920 1324 3986 fa-

189 4112 190 4115 *
216 4042 294 4088 oere
319 4031 475 4113 oporteat
500 4047 604 4114 quum
624 4026 865 4114 deliberamus,
890 4025 924 4091 in
945 4047 987 4093 eo
1005 4047 1140 4108 sumus,
1165 4032 1203 4092 nt
1218 4023 1254 4090 id
1275 4023 1324 4090 fa-

216 4124 360 4192 ciamus:
392 4148 462 4214 quo
497 4128 553 4214 fit,
587 4138 624 4194 nt
652 4128 710 4197 hic
736 4127 972 4196 deliberativas
1004 4127 1231 4195 coniunctivus
1260 4125 1325 4193 ad-

215 4226 396 4295 hortationi
417 4228 631 4315 adhibeatur:
659 4253 763 4320 quum
774 4254 857 4299 vero
873 4230 1117 4320 deliberamus,
1143 4229 1226 4320 qnid
1242 4217 1324 4297 alios

214 4329 329 4401 facere
346 4331 539 4421 conveniat,
565 4333 650 4402 nilril
673 4333 757 4404 illud
781 4333 827 4402 ad
845 4335 981 4402 illorum
995 4335 1203 4416 voluntatem
1217 4334 1325 4427 perti-
