2918 4890
203 300 270 364 m
568 293 938 357 EMENDATIONES

278 487 350 556 ..V
364 483 450 555 166.
474 483 561 555 hoec
577 485 751 580 leguntur:

258 639 359 713 οὔπα
371 638 494 732 μῦθος
508 639 651 736 ἔληγον,
679 668 698 713 ο
685 635 752 713 ”’δ
765 633 947 760 α’ρλαδν
917 665 1040 714 απασε
1055 640 1194 738 μῆλον,

257 740 406 838 σίγλαῖης
421 736 623 837 ανιίθημα,
648 744 742 835 μέγα
759 744 886 836 κτέρας
899 737 1157 839 Ἀφρογενείῃ,

184 874 188 881 ·
257 839 439 941 φαταλιην
452 846 650 936 πολέμοιο,
676 872 788 941 κακην
802 846 980 938 πολέμοιο
998 846 1232 942 γενέθλην

205 999 362 1085 Quorum
369 1019 526 1066 versuum
535 997 653 1064 ultimo
666 997 750 1066 nihil
763 997 845 1090 tingi
854 1008 967 1089 potest
980 998 1141 1089 putidius.
1170 1001 1313 1090 Aliquot

205 1101 306 1172 codd.
322 1112 357 1170 et
369 1100 448 1171 cdd
464 1110 544 1168 vett
558 1095 764 1195 ησιταλιην.
818 1101 1060 1171 scribendum:

256 1255 452 1352 φοιταλέην
465 1253 642 1346 πολέμοιο
657 1255 946 1347 κακοπτολέμοισ
962 1255 1148 1351 γενέθλην.

306 1407 349 1475 V.
368 1404 454 1474 lto.
479 1405 579 1490 Quae
593 1404 649 1473 hic
663 1429 731 1474 non
746 1405 911 1474 adiuvisse
924 1407 1088 1477 lunonem
1104 1408 1226 1477 dicitur
1242 1434 1309 1481 σα-

202 1513 292 1586 κίαν
309 1508 493 1602 βασίλεια,
512 1507 572 1579 καί
587 1511 622 1580 α’
635 1503 748 1604 παρός
764 1510 842 1580 ἔστι
856 1503 1000 1608 τιθήνη,
1023 1520 1061 1578 ut
1076 1513 1111 1578 in
1125 1512 1204 1584 cod.
1218 1511 1307 1582 Mur

204 1636 270 1707 pro
284 1613 424 1705 vulgato
440 1609 515 1683 ἐσσί
532 1611 703 1701 scriptum,
730 1610 907 1678 ridiculum
917 1623 1014 1699 esset,
1041 1614 1141 1682 sieut
1153 1614 1309 1683 Minerva

178 1776 183 1785 .
204 1726 309 1806 esset,
335 1724 372 1782 nt
392 1714 570 1805 Lennepio
591 1714 717 1782 risum:
744 1715 802 1802 qui
824 1715 912 1782 enim
931 1715 1035 1795 haec,
1064 1719 1122 1786 ubi
1137 1719 1210 1810 ipsa
1232 1719 1308 1785 vin-

204 1841 282 1888 cere
307 1817 462 1902 volebat,
499 1816 618 1885 lunoni
645 1817 853 1884 conciliasset
883 1819 1083 1888 victoriam?
1122 1833 1181 1888 aut
1207 1822 1308 1906 adeo,

202 1921 297 2013 quod
312 1922 443 1989 censori
457 1918 741 2012 Heidelbergensi
754 1921 787 1988 iu
800 1929 947 1989 mentem
960 1923 1061 2009 venit,
1088 1925 1210 1992 coniux
1220 1925 1307 1992 Vul-

204 2026 279 2095 cuni
296 2024 424 2093 Gratia.
466 2023 569 2114 Enyo
588 2031 648 2110 est,
674 2045 777 2113 quam
795 2023 876 2091 dicit
891 2036 1005 2117 poeto,
1030 2025 1141 2094 facem
1157 2037 1306 2120 gestans.

306 2128 361 2197 Ab
391 2127 519 2197 lunone
549 2126 667 2196 transit
687 2126 801 2196 Venus
828 2127 873 2196 ud
902 2127 1092 2198 Minervam
1116 2126 1169 2199 his
1194 2130 1307 2200 verbis

200 2253 231 2300 v.
241 2229 329 2305 lvo.

253 2378 315 2458 οἶα
330 2410 372 2457 τι
372 2377 540 2466 καδιοίιις
554 2379 774 2476 ἀνεμώλιος,
795 2379 1032 2508 Ατρητοίνη,

252 2514 297 2605 ην
311 2480 427 2607 γηίμος
440 2482 504 2559 οὐκ
521 2487 682 2609 ἔσπειρε
676 2514 736 2558 και
759 2483 804 2559 od
818 2482 1010 2577 μαιώσατο
1024 2484 1161 2590 μήτηρ,

252 2581 346 2662 α’λλα
360 2587 519 2712 σιδηρείη
529 2613 569 2662 σε
582 2614 678 2686 τομη
695 2616 756 2661 και
748 2588 847 2714 ρ’ίζα
862 2585 1011 2687 σιδήρου

252 2684 431 2789 πατρῴων
450 2685 648 2782 ἀλόχευτον
663 2686 910 2818 ἀνεβλάστησε
926 2690 1100 2790 καρήνων.

211 2797 221 2815 ’
254 2794 316 2868 οἶα
331 2797 368 2868 δὲ
384 2792 579 2883 χαλκείοισι
592 2797 827 2892 καλυψαμένη
842 2790 934 2891 χρόα
950 2799 1117 2888 πέπλοις,

253 2898 314 2970 καί
331 2923 472 3016 prvyruc
487 2890 696 3024 ηιλότητα
686 2924 747 2968 και
740 2896 923 2992 ’Λριος
902 2925 988 3017 εργα
1007 2900 1162 2990 διοίκεις,

252 2998 425 3100 αρμονίης
438 2994 649 3087 ἀδίδακτος,
675 2994 931 3097 ὁμοφροσύνης
944 2997 1129 3101 αδαημων

150 3141 201 3214 ῙΊ
209 3152 427 3224 Bekkerus
403 3173 498 3242 signo
512 3149 721 3218 exclamandi
733 3152 848 3242 posuit
860 3163 941 3243 post
954 3149 1168 3252 Ατρατιίνη
1181 3168 1302 3251 etpost

200 3259 357 3336 πέπλοις.
403 3254 456 3323 Εα
470 3254 556 3321 ratio
570 3255 597 3322 si
612 3277 692 3322 vera
706 3256 838 3340 esset,
829 3279 863 3323 ιιι
877 3257 992 3346 quinto
1007 3257 1131 3327 horum
1144 3284 1300 3330 versuum

200 3369 313 3428 mente
340 3356 565 3449 repetendum
599 3367 686 3425 esset
712 3351 879 3438 κοδιαεις.
930 3361 978 3428 At
1001 3371 1074 3429 tum
1103 3374 1194 3432 certe
1222 3373 1302 3456 post

199 3454 457 3558 Ἀτρυτώνη
432 3482 566 3550 signum
583 3460 666 3528 illud
686 3483 754 3528 non
773 3469 867 3529 recte
882 3475 1073 3554 poneretur.
1127 3467 1301 3535 Deberent

201 3567 290 3636 enim
311 3563 493 3633 sententiae
508 3563 554 3630 itu
572 3562 772 3632 cohaerere:
799 3563 861 3635 οἶα
879 3561 1107 3656 κυδιάεις,
1084 3597 1145 3642 οτι
1169 3595 1208 3642 σε
1229 3563 1300 3662 ηολ-

198 3694 268 3761 μος
282 3662 347 3738 οὐκ
362 3667 545 3761 ἔσπειρεν
572 3664 633 3735 οἶα
651 3663 751 3748 oo‘
728 3693 789 3738 στι
807 3669 969 3755 χαλκίοις
986 3669 1111 3751 ὅπλοις
1127 3667 1298 3768 καλιίπτη.

199 3769 271 3839 Sed
286 3769 389 3837 nesio
408 3767 544 3859 quidem
561 3767 674 3834 omnia
688 3776 782 3835 recte
795 3769 1032 3859 procederent.
1070 3775 1193 3865 Neque
1211 3775 1299 3842 enim

199 3883 280 3964 apte
298 3871 428 3941 adnexa
453 3871 656 3961 cusentina,
683 3869 744 3941 καί
767 3865 908 3966 φεύγεις
931 3867 1134 3974 φιλότητα,
1161 3887 1196 3945 et
1211 3902 1299 3968 quae

197 3982 398 4065 sequuntur,
429 3998 518 4066 quae
544 3975 680 4043 omnino
700 3994 761 4041 cnr
780 3975 823 4042 ab
843 3977 943 4044 armis
965 3979 1095 4069 potius,
1131 4003 1233 4070 quam
1253 3983 1298 4048 ab

198 4079 326 4172 origine
346 4075 521 4147 Minervae
541 4077 748 4162 deriventur,
774 4101 842 4146 non
862 4091 1013 4171 apparet.
1066 4083 1158 4152 Nihil
1181 4093 1299 4176 posset

197 4179 416 4276 reprehendi,
443 4180 470 4248 si
482 4202 548 4273 pro
565 4182 670 4250 altero
688 4180 752 4248 isto
770 4179 830 4252 οἶα
848 4181 939 4249 aliud
960 4185 1059 4274 quid,
1086 4211 1116 4254 v.
1136 4212 1165 4259 c.
1187 4184 1298 4280 ἀμφί,

198 4286 376 4378 legeretur.
428 4282 499 4353 Sed
518 4307 621 4375 quum
633 4283 767 4352 minime
785 4295 979 4377 suspectum
993 4289 1035 4356 sit
1050 4287 1123 4380 οἶα,
1150 4291 1298 4382 positum
