2918 4890
418 316 711 381 INGREDIBILIVM
731 316 847 380 LIBER
868 314 1024 378 PRIMVS.
1212 322 1275 388 371

168 511 265 594 lisso,
294 507 354 582 sed
370 508 464 596 quod
480 508 543 596 sic,
570 516 607 575 ut
620 508 684 598 ibi,
708 529 779 576 non
797 517 1048 600 usurparentur.
1080 507 1170 576 Nam
1195 515 1278 603 poni

170 636 227 681 eas
259 613 295 679 in
327 611 496 709 principio
531 612 704 700 orationis,
742 611 928 679 cuiusmodi
961 620 996 680 et
1027 611 1085 679 illa
1118 630 1206 702 quae
1231 615 1277 684 ad
1370 668 1373 681 .

168 739 225 784 me
257 714 475 782 refutandum
507 716 669 784 attulisset
696 716 872 808 exempla,
914 723 948 783 et
982 737 1070 805 quae
1103 717 1176 805 quis
1210 718 1277 786 alia

168 820 222 888 his
255 818 382 886 addere
412 819 542 910 ingenti
573 841 714 887 numero
741 822 876 911 posset,
915 842 988 887 esse
1020 820 1141 887 omnia.
1203 821 1277 890 Sed

168 923 305 992 memini
336 946 392 990 me
425 922 512 990 hacc
544 923 613 990 iam
647 922 797 1014 attigisse
830 923 865 991 in
897 923 935 990 iis
972 945 1059 1012 quae
1086 923 1202 1014 scripsi
1231 924 1276 994 de

170 1026 216 1100 ἂν
241 1026 407 1119 particula
435 1026 464 1098 1.
492 1023 552 1092 12.
586 1028 621 1094 in
645 1027 737 1095 Diar.
772 1027 870 1094 class.
896 1026 980 1099 fasc.
1007 1027 1131 1095 LXIX.
1156 1050 1192 1118 p.
1212 1027 1274 1096 40.

272 1130 370 1198 Haec
397 1138 475 1196 sunt
492 1129 568 1218 illa,
598 1153 685 1218 quae
707 1130 741 1196 in
762 1130 901 1220 publica
923 1152 1027 1221 super
1048 1129 1275 1200 Meletematis

171 1233 397 1324 disputatione
416 1232 539 1324 partim
556 1234 696 1324 protuli,
717 1234 841 1325 partim
859 1233 949 1301 volni
962 1233 1127 1324 proferre.
1179 1233 1276 1304 Sitne

169 1337 204 1404 in
224 1337 281 1422 iis,
312 1335 407 1426 quod
428 1345 466 1403 ut
486 1335 600 1425 inique
624 1346 725 1427 atque
745 1335 932 1404 adrodendi
954 1337 1042 1404 illius
1062 1336 1138 1404 libri
1159 1359 1277 1406 caussa

75 1439 77 1442 ⁴
170 1440 299 1508 dictum
314 1440 442 1530 culpari
457 1440 582 1530 possit,
607 1441 674 1532 ipsi
696 1440 754 1529 qui
775 1439 862 1507 haec
882 1440 1027 1532 legerint
1043 1441 1274 1510 aestimabunt.

169 1542 249 1634 Ego
267 1543 404 1632 quidem
419 1566 475 1610 me
496 1544 637 1633 opinor,
664 1543 692 1611 si
707 1542 788 1631 quid
802 1543 836 1609 in
849 1566 904 1610 me
920 1530 1173 1611 malevolentiae
1188 1543 1274 1613 fuis-

170 1657 236 1727 set,
273 1646 440 1713 absurdae
468 1645 622 1735 quidem,
658 1648 750 1713 utin
772 1669 866 1734 eum,
898 1669 1001 1736 quem
1026 1647 1107 1714 mihi
1130 1649 1275 1716 amicum

171 1773 244 1817 esse
270 1758 446 1842 putarem3
480 1757 537 1816 aut
555 1750 587 1820 sis
607 1749 688 1839 quid
709 1749 871 1836 invidiae,
898 1772 1003 1839 quae,
1026 1751 1176 1839 quamvis
1201 1759 1275 1819 tur-

40 1898 42 1903 ·
169 1854 243 1944 pis,
268 1853 410 1920 fortasse
435 1853 470 1919 in
495 1851 650 1939 homine,
677 1854 811 1941 qualem
833 1875 888 1919 me
909 1875 982 1920 esse
1003 1854 1069 1944 ipsi
1087 1855 1274 1943 complaci-

169 1965 240 2022 tum
264 1965 330 2040 est,
365 1955 492 2044 aliquid
512 1956 630 2022 veniae
655 1955 865 2045 impetraret:
899 1955 1039 2046 opinor,
1065 1956 1221 2045 inquam,
1247 1959 1276 2026 si

170 2058 253 2148 quid
271 2058 462 2126 huiusmodi
482 2060 515 2125 in
535 2081 590 2125 me
609 2057 741 2144 fuisset,
768 2081 871 2148 quam
886 2058 1057 2126 habebam
1083 2059 1276 2150 disputandi

169 2163 344 2230 materiam
364 2163 476 2254 potius
498 2162 533 2227 in
551 2162 615 2228 alia
637 2162 764 2252 capita,
792 2183 880 2249 quae
901 2162 1007 2228 multo
1024 2160 1070 2228 ad
1089 2162 1276 2231 istiusmodi

171 2266 343 2332 consilium
361 2265 492 2354 aptiora
504 2263 644 2332 inveniri
660 2265 810 2356 potuisse
823 2265 859 2331 in
868 2273 1033 2355 promptu
1050 2273 1111 2351 est,
1125 2289 1226 2354 quam
1240 2266 1275 2334 in

77 2358 80 2363 ¹
169 2368 227 2434 illa
255 2367 507 2435 distributurum
539 2367 660 2456 fuisse,
702 2390 790 2457 quae
822 2367 904 2435 nihil
941 2368 1149 2435 continerent
1180 2368 1275 2460 quod

169 2494 238 2539 non
262 2471 297 2537 in
325 2472 475 2560 quemvis
501 2471 603 2538 alium
625 2471 747 2538 librum
772 2469 917 2539 caderet
976 2472 1065 2538 Nam
1098 2472 1171 2561 quis
1196 2495 1275 2539 um·
1364 2554 1369 2573 .

170 2597 272 2664 quam
297 2575 384 2642 liber
410 2575 552 2665 scriptus
579 2583 651 2663 est,
678 2575 740 2643 nisi
768 2573 856 2641 forte
882 2574 1018 2642 alicuius
1046 2575 1275 2644 mathematici

171 2701 213 2744 ex
237 2678 313 2745 solis
336 2679 543 2768 compositus
558 2678 723 2765 numeris,
756 2677 791 2744 in
812 2700 881 2766 quo
902 2699 972 2744 non
993 2677 1120 2766 aliquid
1140 2679 1273 2769 falsum,

170 2780 296 2870 aliquid
311 2780 384 2848 non
406 2791 561 2848 accurate
582 2782 728 2864 dictum,
760 2779 887 2868 aliquid
909 2803 1197 2870 supervacaneum
1218 2782 1324 2855 art-29
1452 2856 1458 2869 ,

170 2907 237 2974 que
251 2885 365 2951 inutile
379 2885 591 2976 reperiatur?
643 2884 716 2953 Sed
735 2884 811 2952 satis
826 2883 870 2950 de
884 2881 947 2950 his.

271 2987 338 3055 Hic
364 2996 414 3056 est
434 2987 521 3056 liber
544 2989 675 3079 primus
704 2985 965 3073 incredibilium,
999 2986 1057 3075 qui
1079 2992 1129 3052 est
1148 2986 1273 3076 prolo-

170 3113 244 3182 gus.
298 3091 367 3174 Qui
393 3100 591 3180 sequentur,
617 3093 653 3158 in
671 3092 725 3177 iis,
751 3089 931 3174 utinhoc‚
954 3088 1158 3177 quaefacta,
1184 3112 1273 3178 quae

170 3216 237 3259 non
262 3191 470 3276 factasunt,
505 3196 609 3262 sic'ut
637 3203 713 3262 sunt
731 3193 822 3260 facta
845 3193 900 3260 vel
922 3214 990 3259 non
1012 3191 1119 3282 facta,
1151 3191 1231 3258 inde
1252 3215 1273 3259 a

170 3295 281 3384 prima
305 3296 391 3362 inter
411 3305 518 3363 meet
538 3297 761 3364 Schaeferum
778 3295 893 3363 notitia
915 3295 1088 3363 enarrabo.
1140 3293 1272 3364 Eorum

170 3399 205 3464 in
229 3419 297 3464 uno
320 3397 477 3488 ipse.·me
497 3401 614 3490 magni
634 3400 720 3466 illius
744 3407 778 3466 et
799 3420 982 3486 numquam
1004 3397 1176 3488 expiandi,
1210 3397 1272 3465 sed

168 3510 284 3568 ⁴tamen
309 3523 378 3568 non
403 3502 598 3592 poenitendi
620 3503 762 3569 criminis
781 3523 877 3569 reum
900 3501 1103 3587 confitebor,
1129 3509 1271 3591 propter
1323 3538 1328 3551 ·

169 3604 280 3693 quod,
304 3627 350 3672 ne
367 3605 431 3672 alia
443 3629 630 3672 memorem
647 3605 763 3697 capitis
776 3603 944 3697 pericula,
974 3603 1109 3670 fortuna
1123 3603 1271 3692 quadam

169 3707 341 3775 Hesiodea
370 3711 422 3776 bis
449 3709 549 3777 morti
579 3708 676 3777 datus
703 3718 804 3798 atque
827 3707 1071 3798 epigrammate
1091 3707 1272 3796 sepulcrali

170 3809 354 3878 honoratus
377 3814 472 3903 vivo,
506 3837 595 3881 nunc
617 3822 730 3880 autem
751 3811 903 3896 tertium,
938 3810 995 3898 qui
1016 3832 1072 3876 me
1098 3809 1272 3879 eradicare

171 3913 234 3982 sibi
259 3915 365 3998 visus,
399 3917 599 4007 permutatis
634 3917 786 4008 personis
818 3913 853 3980 in
878 3921 984 3980 semet
1010 3913 1130 3999 saevit,
1163 3913 1206 3979 ab
1228 3936 1271 3980 eo

170 4018 318 4107 sospitor
336 4040 377 4086 ac
399 4021 594 4110 superstitor
610 4019 704 4110 ipso,
729 4039 914 4104 verumque
932 4038 1004 4083 esse
1029 4015 1123 4104 quod
1143 4016 1271 4083 dictitat

171 4121 343 4208 experior,
376 4118 398 4192 ὁ
422 4115 561 4216 τρώσας
581 4121 640 4193 καὶ
662 4117 823 4193 iniceret:
848 4118 932 4186 illud
956 4118 1081 4187 crimen
1107 4119 1200 4203 dico,
1228 4140 1271 4188 ex

169 4220 264 4288 haud
279 4225 409 4313 magnis
429 4247 539 4314 neque
560 4225 779 4293 aerumnabili
800 4223 917 4290 labore
934 4221 1038 4313 partis
1059 4223 1180 4313 opibus
1193 4245 1269 4289 me-

170 4324 277 4393 diocri
299 4348 400 4394 sanae
421 4329 540 4396 mentis
561 4351 623 4397 usu
639 4329 727 4397 ultra
748 4350 808 4397 seu
825 4348 944 4419 sapere
961 4347 1020 4393 seu
1036 4324 1192 4419 desipere
1206 4347 1269 4395 au⁴

945 4442 1061 4515 Aa2
