2918 4890
454 297 455 302 κ
502 261 589 322 LlB.
612 260 669 331 111.
713 260 808 321 ctP.
831 265 861 326 1.
885 264 915 326 2.

388 725 1066 843 ulnunruarrvs

604 979 608 987 ·
713 945 740 1014 1.

233 1096 318 1166 De
367 1097 430 1166 vi
480 1070 813 1192 optativi
865 1097 1218 1168 univerae.

170 1249 210 1352 P
211 1295 384 1353 cruentum
403 1293 455 1354 est
478 1286 524 1353 ad
546 1287 745 1377 optativum.
797 1287 830 1355 ls
852 1286 973 1355 modus
997 1287 1156 1376 quoniam
1176 1289 1283 1357 solam

171 1389 410 1480 cogitationem
423 1389 472 1456 rei
487 1390 670 1481 signifieat,
695 1391 855 1482 proprius
875 1399 926 1458 est
939 1390 1096 1459 orationis
1112 1391 1281 1481 obliquae.

171 1489 355 1582 Obliquam
378 1493 466 1561 enim
481 1495 665 1562 orationem
678 1516 838 1562 vocamus
856 1517 948 1580 eam,
975 1515 1044 1582 qua
1057 1516 1126 1561 non
1136 1495 1218 1582 quid
1230 1497 1283 1587 sit,

171 1596 231 1664 sed
245 1597 328 1685 qnid
345 1597 472 1688 cogitet
491 1599 565 1686 quis
584 1620 658 1666 esse
672 1597 847 1671 indicatur.
890 1596 995 1682 Quod
1009 1598 1036 1664 si
1052 1621 1171 1666 verum
1186 1598 1285 1668 fateri

170 1700 344 1788 volumus,
378 1700 484 1768 omnis
514 1702 650 1769 omnino
673 1701 798 1790 oratio,
833 1725 921 1791 quae
955 1701 1144 1791 optativum
1168 1702 1284 1794 habet,

102 1844 105 1848 -
170 1804 309 1893 obliqua
333 1811 392 1875 est.
444 1804 515 1873 Sed
540 1828 604 1874 usu
629 1805 757 1873 factum
784 1813 852 1891 est,
884 1814 922 1872 ut
948 1803 1033 1872 illud
1057 1828 1181 1897 genus,
1214 1830 1284 1898 qno

169 1918 284 1976 nostra
295 1908 448 1999 ipsorum
466 1910 616 2000 cogitata
636 1910 683 1976 sic
700 1909 932 1994 enunciamus,
957 1916 1076 1976 utnon
1093 1909 1216 1979 diserte
1230 1911 1284 1979 di·

171 2011 378 2104 stinguamus
395 2013 600 2103 cogitantem
609 2013 653 2080 ab
661 2013 831 2103 loquente,
848 2019 963 2080 rectae
969 2012 1124 2080 orationis
1135 2015 1284 2104 speciem

170 2112 305 2184 habeat.
356 2115 476 2204 ltaque
495 2125 755 2184 consentancum
776 2114 926 2202 videtur,
959 2137 1118 2206 separare
1140 2117 1284 2186 alterum
1367 2186 1371 2195 ,

170 2241 278 2312 genus
303 2219 346 2286 ab
370 2219 495 2307 altero,
528 2221 711 2311 primoque
732 2218 856 2304 deillo
879 2217 1014 2304 dicere,
1049 2219 1145 2307 quod
1163 2229 1284 2312 aperte

169 2345 233 2391 nee
247 2322 350 2391 dubie
363 2323 537 2411 obliquam
551 2323 736 2392 orationem
750 2323 907 2391 continet
946 2320 1055 2390 Huius
1069 2324 1202 2415 generis
1217 2324 1283 2393 du-

63 2474 64 2478 =
156 2414 253 2517 ‘plen
277 2425 399 2494 modus
420 2435 479 2494 est.
531 2427 621 2495 Nam
641 2435 698 2495 aut
719 2448 784 2520 pro
802 2424 999 2510 indicativo,
1025 2434 1083 2493 aut
1106 2450 1172 2519 pro
1198 2450 1281 2496 con-

170 2531 316 2599 iunctivo
329 2529 467 2622 ponitur
484 2532 664 2622 optativus
683 2531 778 2620 isque
792 2553 909 2599 carens
926 2528 1094 2621 particula
1109 2526 1166 2604 ἄν.
1193 2531 1284 2601 Nam
1371 2596 1374 2603 .

171 2655 278 2723 quum
306 2631 390 2722 quid
425 2656 468 2702 ex
499 2643 593 2703 recta
625 2634 775 2702 oratione
808 2634 844 2701 in
872 2632 1045 2720 obliquam
1072 2635 1282 2722 transfertur,

170 2735 253 2804 nihil
275 2736 337 2804 nisi
358 2737 480 2806 veritas
502 2739 551 2807 rei
571 2735 806 2805 tantummodo
834 2746 872 2805 ut
899 2737 1046 2827 cogitata
1067 2739 1283 2828 proponitur,

171 2862 239 2907 non
254 2841 355 2908 etiam
375 2839 529 2910 adiicitur
548 2842 662 2932 aliqua
681 2840 849 2928 conditio,
875 2839 1012 2930 qualem
1034 2840 1181 2910 continet
1201 2865 1285 2933 par·

170 2943 373 3016 ticulaista..

706 3149 751 3222 11.

367 3301 434 3372 De
460 3299 670 3397 optativo
690 3322 785 3394 pro
811 3298 1092 3372 indicativo

275 3456 363 3526 Sunt
377 3465 492 3526 autem
506 3454 647 3548 optativi
663 3477 730 3546 pro
746 3453 927 3522 indicativo
940 3453 1043 3545 positi
1055 3461 1286 3548 quattuorpo-

171 3559 336 3628 tissimum
362 3561 504 3631 formae.
552 3560 684 3628 Earum
703 3557 815 3650 prima
846 3557 995 3649 elliptioa
1018 3564 1087 3646 est,
1128 3580 1196 3648 qna
1218 3560 1286 3630 tale

173 3663 255 3755 quid
268 3672 306 3732 ut
324 3665 419 3758 λέγει
436 3661 498 3737 ὅτι
513 3662 717 3755 intelligitur.
769 3660 961 3754 Sophocles
974 3661 1063 3733 Phil.
1081 3657 1168 3729 615.

301 3878 304 3886 i
801 3810 936 3896 εὐθέως
951 3810 987 3889 δ’
1001 3811 1176 3906 ὑπέσχετο

276 3913 344 3993 τόν
357 3916 467 4017 ἄνδρ’
480 3915 648 4009 Ἀχαιοῖς
661 3912 769 3992 τόνδε
784 3911 955 4017 δηλώσειν
970 3916 1084 4015 ἄγων·
1193 4000 1195 4004 ,

203 4100 206 4104 ,
277 4024 397 4096 οἴοιτο
411 4020 497 4116 μέν,
522 4015 683 4112 μάλισθ’
697 4015 862 4096 ἑκούσιον
875 4013 998 4115 λαβών
1003 4076 1018 4111 ,
1078 4039 1080 4047 ’

277 4127 314 4198 εἰ
324 4119 378 4221 μή
390 4127 498 4199 θέλοι
513 4120 549 4198 δ’
556 4179 571 4214 ,
599 4123 746 4199 ἄκοντα.

174 4278 400 4370 Thucydides
419 4277 462 4349 ll.
482 4277 542 4348 72.
570 4274 812 4377 ἀπεκρίναντο
828 4274 930 4374 αὐτῷ
945 4272 1006 4351 ὅτι
1022 4269 1188 4350 ἀδύνατα
1202 4275 1287 4372 σφί-
1394 4316 1397 4326 =
