<?xml version="1.0" encoding="UTF-8"?>
<!DOCTYPE html PUBLIC "-//W3C//DTD XHTML 1.0 Transitional//EN"
    "http://www.w3.org/TR/xhtml1/DTD/xhtml1-transitional.dtd">
<html xmlns="http://www.w3.org/1999/xhtml" xml:lang="en" lang="en">
 <head>
  <title>
</title>
<meta http-equiv="Content-Type" content="text/html;charset=utf-8" />
  <meta name='ocr-system' content='tesseract 3.04.00' />
  <meta name='ocr-capabilities' content='ocr_page ocr_carea ocr_par ocr_line ocrx_word'/>
</head>
<body>
  <div class='ocr_page' id='page_1' title='image "./opuscula10hermgoog/opuscula10hermgoog_0097.png"; bbox 0 0 2918 4890; ppageno 0'>
   <div class='ocr_carea' id='block_1_1' title="bbox 180 329 959 398">
    <p class='ocr_par' dir='ltr' id='par_1_1' title="bbox 180 329 959 398">
     <span class='ocr_line' id='line_1_1' title="bbox 180 329 959 398; baseline 0 0"><span class='ocrx_word' id='word_1_1' title='bbox 180 336 223 398; x_wconf 72' lang='lat'><strong>84</strong></span> <span class='ocrx_word' id='word_1_2' title='bbox 518 333 575 394; x_wconf 86' lang='lat' dir='ltr'><strong>DE</strong></span> <span class='ocrx_word' id='word_1_3' title='bbox 611 333 890 396; x_wconf 70' lang='lat' dir='ltr'><strong>Piuulcvuu</strong></span> <span class='ocrx_word' id='word_1_4' title='bbox 913 329 959 398; x_wconf 77' lang='grc' dir='ltr'><strong>όν</strong></span> 
     </span>
    </p>
   </div>
   <div class='ocr_carea' id='block_1_2' title="bbox 180 523 843 619">
    <p class='ocr_par' dir='ltr' id='par_1_2' title="bbox 180 523 843 619">
     <span class='ocr_line' id='line_1_2' title="bbox 180 523 843 619; baseline 0.011 -29"><span class='ocrx_word' id='word_1_5' title='bbox 180 523 316 591; x_wconf 89' lang='lat' dir='ltr'><strong>Etcum</strong></span> <span class='ocrx_word' id='word_1_6' title='bbox 332 524 499 615; x_wconf 84' lang='lat' dir='ltr'><strong>particula</strong></span> <span class='ocrx_word' id='word_1_7' title='bbox 515 524 575 598; x_wconf 80' lang='grc' dir='ltr'><strong><em>ιιὲι</em></strong></span> <span class='ocrx_word' id='word_1_8' title='bbox 591 524 685 593; x_wconf 89' lang='lat' dir='ltr'><strong>lliad.</strong></span> <span class='ocrx_word' id='word_1_9' title='bbox 702 533 738 619; x_wconf 81' lang='grc' dir='ltr'><strong>β.</strong></span> <span class='ocrx_word' id='word_1_10' title='bbox 756 525 843 598; x_wconf 79' lang='grc'><strong>229.</strong></span> 
     </span>
    </p>
   </div>
   <div class='ocr_carea' id='block_1_3' title="bbox 231 670 1162 774">
    <p class='ocr_par' dir='ltr' id='par_1_3' title="bbox 231 670 1162 774">
     <span class='ocr_line' id='line_1_3' title="bbox 231 670 1162 774; baseline 0.002 -24"><span class='ocrx_word' id='word_1_11' title='bbox 231 675 255 773; x_wconf 81' lang='grc' dir='ltr'><em>ἢ</em></span> <span class='ocrx_word' id='word_1_12' title='bbox 269 677 325 750; x_wconf 78' lang='grc' dir='ltr'><strong><em>ἔτι</em></strong></span> <span class='ocrx_word' id='word_1_13' title='bbox 342 675 401 749; x_wconf 87' lang='grc' dir='ltr'><strong><em>ιιαὶ</em></strong></span> <span class='ocrx_word' id='word_1_14' title='bbox 415 676 554 774; x_wconf 78' lang='grc' dir='ltr'><strong><em>χρυσοῦ</em></strong></span> <span class='ocrx_word' id='word_1_15' title='bbox 566 672 748 753; x_wconf 76' lang='grc' dir='ltr'><strong><em>ἐπιδεύεαι</em></strong></span> <span class='ocrx_word' id='word_1_16' title='bbox 754 735 769 770; x_wconf 88' lang='lat'><em>,</em></span> <span class='ocrx_word' id='word_1_17' title='bbox 797 676 840 753; x_wconf 81' lang='grc' dir='ltr'><strong>όν</strong></span> <span class='ocrx_word' id='word_1_18' title='bbox 854 679 896 752; x_wconf 80' lang='grc' dir='ltr'><strong><em>ιε’</em></strong></span> <span class='ocrx_word' id='word_1_19' title='bbox 910 704 966 760; x_wconf 80' lang='grc' dir='ltr'><strong><em>τις</em></strong></span> <span class='ocrx_word' id='word_1_20' title='bbox 984 680 1089 752; x_wconf 80' lang='grc' dir='ltr'><strong><em>οἴσει.</em></strong></span> <span class='ocrx_word' id='word_1_21' title='bbox 1156 670 1162 683; x_wconf 74' lang='grc'><strong>’</strong></span> 
     </span>
    </p>
   </div>
   <div class='ocr_carea' id='block_1_4' title="bbox 229 975 1191 1285">
    <p class='ocr_par' dir='ltr' id='par_1_4' title="bbox 230 975 1191 1285">
     <span class='ocr_line' id='line_1_4' title="bbox 231 975 1191 1103; baseline 0.002 -49"><span class='ocrx_word' id='word_1_22' title='bbox 231 1009 322 1079; x_wconf 83' lang='grc' dir='ltr'><strong><em>χρεοι</em></strong></span> <span class='ocrx_word' id='word_1_23' title='bbox 314 975 504 1077; x_wconf 78' lang='grc' dir='ltr'><strong><em>βουλης’</em></strong></span> <span class='ocrx_word' id='word_1_24' title='bbox 486 982 551 1074; x_wconf 78' lang='grc' dir='ltr'><strong><em>εμὲ</em></strong></span> <span class='ocrx_word' id='word_1_25' title='bbox 565 982 625 1055; x_wconf 87' lang='grc' dir='ltr'><strong><em>ιιαὶ</em></strong></span> <span class='ocrx_word' id='word_1_26' title='bbox 640 984 700 1072; x_wconf 77' lang='grc' dir='ltr'><strong>σὲ,</strong></span> <span class='ocrx_word' id='word_1_27' title='bbox 727 985 935 1103; x_wconf 77' lang='grc' dir='ltr'><strong><em>διοτρεφές,</em></strong></span> <span class='ocrx_word' id='word_1_28' title='bbox 964 1012 991 1056; x_wconf 88' lang='grc' dir='ltr'>ω</span> <span class='ocrx_word' id='word_1_29' title='bbox 980 967 1191 1076; x_wconf 80' lang='grc' dir='ltr'><strong><em>’Μειέλαε,</em></strong></span> 
     </span>
     <span class='ocr_line' id='line_1_5' title="bbox 230 1079 1044 1184; baseline 0 -28"><span class='ocrx_word' id='word_1_30' title='bbox 230 1081 484 1182; x_wconf 73' lang='grc' dir='ltr'><em>κερδαλέης,</em></span> <span class='ocrx_word' id='word_1_31' title='bbox 459 1112 538 1179; x_wconf 80' lang='grc' dir='ltr'><strong><em>ητις</em></strong></span> <span class='ocrx_word' id='word_1_32' title='bbox 550 1113 610 1158; x_wconf 74' lang='lat' dir='ltr'><strong>aar</strong></span> <span class='ocrx_word' id='word_1_33' title='bbox 625 1081 815 1183; x_wconf 75' lang='grc' dir='ltr'><strong><em>ἐρύσσεται</em></strong></span> <span class='ocrx_word' id='word_1_34' title='bbox 831 1082 894 1184; x_wconf 78' lang='grc' dir='ltr'><strong>ἠδὲ</strong></span> <span class='ocrx_word' id='word_1_35' title='bbox 913 1079 1044 1160; x_wconf 86' lang='grc' dir='ltr'><strong><em>σαιόσει</em></strong></span> 
     </span>
     <span class='ocr_line' id='line_1_6' title="bbox 229 1183 1174 1285; baseline -0.01 -22.923"><span class='ocrx_word' id='word_1_36' title='bbox 229 1183 488 1283; x_wconf 77' lang='grc' dir='ltr'><strong><em>Αργείοαςιιαι</em></strong></span> <span class='ocrx_word' id='word_1_37' title='bbox 503 1187 600 1285; x_wconf 76' lang='grc' dir='ltr'><strong>νῆας,</strong></span> <span class='ocrx_word' id='word_1_38' title='bbox 1172 1190 1174 1195; x_wconf 82' lang='grc'><strong>’</strong></span> 
     </span>
    </p>
   </div>
   <div class='ocr_carea' id='block_1_5' title="bbox 180 1338 323 1436">
    <p class='ocr_par' dir='ltr' id='par_1_5' title="bbox 180 1338 323 1436">
     <span class='ocr_line' id='line_1_7' title="bbox 180 1338 323 1436; baseline 0 -28"><span class='ocrx_word' id='word_1_39' title='bbox 180 1369 217 1436; x_wconf 84' lang='grc' dir='ltr'><strong>φ.</strong></span> <span class='ocrx_word' id='word_1_40' title='bbox 237 1338 323 1408; x_wconf 82' lang='grc'><strong>586,</strong></span> 
     </span>
    </p>
   </div>
   <div class='ocr_carea' id='block_1_6' title="bbox 221 1485 1187 1794">
    <p class='ocr_par' dir='ltr' id='par_1_6' title="bbox 221 1485 1187 1794">
     <span class='ocr_line' id='line_1_8' title="bbox 228 1485 1123 1588; baseline 0.003 -23"><span class='ocrx_word' id='word_1_41' title='bbox 228 1497 265 1566; x_wconf 82' lang='grc' dir='ltr'><strong><em>ἐι</em></strong></span> <span class='ocrx_word' id='word_1_42' title='bbox 282 1485 351 1586; x_wconf 75' lang='grc' dir='ltr'><strong>γάρ</strong></span> <span class='ocrx_word' id='word_1_43' title='bbox 371 1497 407 1563; x_wconf 87' lang='grc' dir='ltr'><strong>οἱ</strong></span> <span class='ocrx_word' id='word_1_44' title='bbox 423 1492 546 1572; x_wconf 81' lang='grc' dir='ltr'><strong><em>πολέες</em></strong></span> <span class='ocrx_word' id='word_1_45' title='bbox 560 1519 602 1564; x_wconf 81' lang='grc' dir='ltr'><strong><em>τε</em></strong></span> <span class='ocrx_word' id='word_1_46' title='bbox 616 1490 675 1564; x_wconf 79' lang='grc' dir='ltr'><strong>καὶ</strong></span> <span class='ocrx_word' id='word_1_47' title='bbox 688 1490 837 1584; x_wconf 76' lang='grc' dir='ltr'><strong><em>ἄλκιμοι</em></strong></span> <span class='ocrx_word' id='word_1_48' title='bbox 857 1489 981 1588; x_wconf 76' lang='grc' dir='ltr'><strong><em>οέιιέρες</em></strong></span> <span class='ocrx_word' id='word_1_49' title='bbox 995 1496 1123 1587; x_wconf 78' lang='grc' dir='ltr'><strong><em>ἐσμεί,</em></strong></span> 
     </span>
     <span class='ocr_line' id='line_1_9' title="bbox 228 1588 1187 1690; baseline 0.003 -23"><span class='ocrx_word' id='word_1_50' title='bbox 228 1603 336 1667; x_wconf 84' lang='grc' dir='ltr'><strong><em>οἴκει</em></strong></span> <span class='ocrx_word' id='word_1_51' title='bbox 352 1588 494 1690; x_wconf 79' lang='grc' dir='ltr'><strong><em>πρόσθε</em></strong></span> <span class='ocrx_word' id='word_1_52' title='bbox 512 1593 625 1687; x_wconf 83' lang='grc' dir='ltr'><strong><em>φίλαι</em></strong></span> <span class='ocrx_word' id='word_1_53' title='bbox 643 1597 777 1670; x_wconf 82' lang='grc' dir='ltr'><strong><em>ποιιόοιι</em></strong></span> <span class='ocrx_word' id='word_1_54' title='bbox 792 1589 933 1686; x_wconf 81' lang='grc' dir='ltr'><strong><em>οἱλόχοιι</em></strong></span> <span class='ocrx_word' id='word_1_55' title='bbox 947 1625 987 1669; x_wconf 87' lang='grc' dir='ltr'><strong><em>τε</em></strong></span> <span class='ocrx_word' id='word_1_56' title='bbox 1002 1596 1061 1671; x_wconf 82' lang='grc' dir='ltr'><strong><em>ιιαὶ</em></strong></span> <span class='ocrx_word' id='word_1_57' title='bbox 1082 1597 1187 1672; x_wconf 81' lang='grc' dir='ltr'><strong><em>σὶόοιι</em></strong></span> 
     </span>
     <span class='ocr_line' id='line_1_10' title="bbox 221 1690 590 1794; baseline -0.008 -24"><span class='ocrx_word' id='word_1_58' title='bbox 221 1696 339 1770; x_wconf 77' lang='grc' dir='ltr'><strong><em>Ἴλιον</em></strong></span> <span class='ocrx_word' id='word_1_59' title='bbox 353 1690 590 1794; x_wconf 85' lang='grc' dir='ltr'><strong><em>εἰρυόμεσθα.</em></strong></span> 
     </span>
    </p>
   </div>
   <div class='ocr_carea' id='block_1_7' title="bbox 178 1847 319 1944">
    <p class='ocr_par' dir='ltr' id='par_1_7' title="bbox 178 1847 319 1944">
     <span class='ocr_line' id='line_1_11' title="bbox 178 1847 319 1944; baseline -0.015 -26"><span class='ocrx_word' id='word_1_60' title='bbox 178 1873 217 1944; x_wconf 85' lang='grc' dir='ltr'><strong>ψ,</strong></span> <span class='ocrx_word' id='word_1_61' title='bbox 209 1847 319 1920; x_wconf 61' lang='lat' dir='ltr'><strong>‚dtu</strong></span> 
     </span>
    </p>
   </div>
   <div class='ocr_carea' id='block_1_8' title="bbox 227 1995 1164 2202">
    <p class='ocr_par' dir='ltr' id='par_1_8' title="bbox 227 1995 1164 2201">
     <span class='ocr_line' id='line_1_12' title="bbox 227 1995 1164 2132; baseline 0.002 -56"><span class='ocrx_word' id='word_1_62' title='bbox 227 1995 419 2099; x_wconf 73' lang='grc' dir='ltr'><strong><em>κηδεμόνες</em></strong></span> <span class='ocrx_word' id='word_1_63' title='bbox 433 2003 475 2077; x_wconf 82' lang='grc' dir='ltr'><strong>δι’</strong></span> <span class='ocrx_word' id='word_1_64' title='bbox 485 2027 520 2076; x_wconf 93' lang='grc' dir='ltr'><strong><em>οι</em></strong></span> <span class='ocrx_word' id='word_1_65' title='bbox 513 1996 669 2078; x_wconf 72' lang='grc' dir='ltr'><strong><em>ἐνθάδ’</em></strong></span> <span class='ocrx_word' id='word_1_66' title='bbox 685 1999 830 2082; x_wconf 74' lang='grc' dir='ltr'><strong><em>ἀολλέες</em></strong></span> <span class='ocrx_word' id='word_1_67' title='bbox 844 1996 937 2076; x_wconf 81' lang='grc' dir='ltr'><strong><em>αόθι</em></strong></span> <span class='ocrx_word' id='word_1_68' title='bbox 949 1995 1141 2132; x_wconf 82' lang='grc' dir='ltr'><strong><em>μειόισωι</em></strong></span> <span class='ocrx_word' id='word_1_69' title='bbox 1150 2060 1164 2094; x_wconf 87' lang='grc'>,</span> 
     </span>
     <span class='ocr_line' id='line_1_13' title="bbox 228 2098 1147 2202; baseline 0.003 -24"><span class='ocrx_word' id='word_1_70' title='bbox 228 2112 269 2179; x_wconf 85' lang='grc' dir='ltr'><strong>οἴ</strong></span> <span class='ocrx_word' id='word_1_71' title='bbox 278 2132 317 2178; x_wconf 91' lang='grc' dir='ltr'><strong>ιιε</strong></span> <span class='ocrx_word' id='word_1_72' title='bbox 334 2134 400 2198; x_wconf 80' lang='grc' dir='ltr'><strong><em>μιν</em></strong></span> <span class='ocrx_word' id='word_1_73' title='bbox 419 2105 685 2197; x_wconf 79' lang='grc' dir='ltr'><strong><em>ἑξοίσοασιο,’</em></strong></span> <span class='ocrx_word' id='word_1_74' title='bbox 667 2107 753 2202; x_wconf 79' lang='grc' dir='ltr'><strong><em>εμῇς</em></strong></span> <span class='ocrx_word' id='word_1_75' title='bbox 770 2098 843 2179; x_wconf 83' lang='grc' dir='ltr'><strong>όπο</strong></span> <span class='ocrx_word' id='word_1_76' title='bbox 856 2130 958 2201; x_wconf 84' lang='grc' dir='ltr'><strong><em>χερσι</em></strong></span> <span class='ocrx_word' id='word_1_77' title='bbox 949 2104 1147 2199; x_wconf 70' lang='grc' dir='ltr'><strong>δαμέντα,</strong></span> 
     </span>
    </p>
   </div>
   <div class='ocr_carea' id='block_1_9' title="bbox 158 2257 987 2354">
    <p class='ocr_par' dir='ltr' id='par_1_9' title="bbox 158 2257 987 2354">
     <span class='ocr_line' id='line_1_14' title="bbox 158 2257 987 2354; baseline -0.004 -25"><span class='ocrx_word' id='word_1_78' title='bbox 158 2259 248 2354; x_wconf 25' lang='grc' dir='ltr'><strong><em>,διὰ</em></strong></span> <span class='ocrx_word' id='word_1_79' title='bbox 266 2257 391 2351; x_wconf 84' lang='lat' dir='ltr'><strong>Odyss.</strong></span> <span class='ocrx_word' id='word_1_80' title='bbox 408 2288 442 2332; x_wconf 91' lang='grc' dir='ltr'><strong><em>α</em></strong></span> <span class='ocrx_word' id='word_1_81' title='bbox 462 2259 548 2328; x_wconf 78' lang='lat'>4⁰3.</span> <span class='ocrx_word' id='word_1_82' title='bbox 566 2283 636 2329; x_wconf 86' lang='lat' dir='ltr'><strong>non</strong></span> <span class='ocrx_word' id='word_1_83' title='bbox 651 2259 825 2352; x_wconf 82' lang='lat' dir='ltr'><strong>reetelegi</strong></span> <span class='ocrx_word' id='word_1_84' title='bbox 838 2257 987 2346; x_wconf 83' lang='lat' dir='ltr'><strong>videtur,</strong></span> 
     </span>
    </p>
   </div>
   <div class='ocr_carea' id='block_1_10' title="bbox 226 2398 1162 2612">
    <p class='ocr_par' dir='ltr' id='par_1_10' title="bbox 226 2398 1162 2612">
     <span class='ocr_line' id='line_1_15' title="bbox 226 2398 1162 2536; baseline 0.001 -51"><span class='ocrx_word' id='word_1_85' title='bbox 226 2398 280 2508; x_wconf 73' lang='grc' dir='ltr'><strong>μή</strong></span> <span class='ocrx_word' id='word_1_86' title='bbox 284 2437 367 2534; x_wconf 79' lang='grc' dir='ltr'><strong>γαρ</strong></span> <span class='ocrx_word' id='word_1_87' title='bbox 385 2409 429 2504; x_wconf 80' lang='lat' dir='ltr'><strong>dy</strong></span> <span class='ocrx_word' id='word_1_88' title='bbox 436 2405 687 2541; x_wconf 80' lang='grc' dir='ltr'><strong><em>ἔλθοιοῖιήρ</em></strong></span> <span class='ocrx_word' id='word_1_89' title='bbox 720 2407 867 2492; x_wconf 80' lang='grc' dir='ltr'><strong><em>όςτιεο’</em></strong></span> <span class='ocrx_word' id='word_1_90' title='bbox 884 2406 1162 2536; x_wconf 79' lang='grc' dir='ltr'><strong><em>α’έιιοιισαβιήφι</em></strong></span> 
     </span>
     <span class='ocr_line' id='line_1_16' title="bbox 227 2507 1130 2612; baseline -0.001 -26"><span class='ocrx_word' id='word_1_91' title='bbox 227 2507 387 2609; x_wconf 81' lang='grc' dir='ltr'><strong><em>ιιπήμασ</em></strong></span> <span class='ocrx_word' id='word_1_92' title='bbox 400 2510 639 2612; x_wconf 77' lang='grc' dir='ltr'><strong><em>ἀπορραίσει,</em></strong></span> <span class='ocrx_word' id='word_1_93' title='bbox 665 2507 851 2610; x_wconf 59' lang='lat' dir='ltr'><strong>Itidem*</strong></span> <span class='ocrx_word' id='word_1_94' title='bbox 830 2541 886 2587; x_wconf 83' lang='grc' dir='ltr'><strong>ετι</strong></span> <span class='ocrx_word' id='word_1_95' title='bbox 901 2508 1130 2612; x_wconf 79' lang='grc' dir='ltr'><strong><em>ααιειαόσης,</em></strong></span> 
     </span>
    </p>
   </div>
   <div class='ocr_carea' id='block_1_11' title="bbox 174 2665 1287 2768">
    <p class='ocr_par' dir='ltr' id='par_1_11' title="bbox 174 2665 1287 2768">
     <span class='ocr_line' id='line_1_17' title="bbox 174 2665 1287 2768; baseline 0.006 -35"><span class='ocrx_word' id='word_1_96' title='bbox 174 2670 263 2737; x_wconf 90' lang='lat' dir='ltr'><strong>Nam</strong></span> <span class='ocrx_word' id='word_1_97' title='bbox 276 2674 420 2760; x_wconf 89' lang='lat' dir='ltr'><strong>propter</strong></span> <span class='ocrx_word' id='word_1_98' title='bbox 428 2690 670 2761; x_wconf 69' lang='lat' dir='ltr'>praegressum</span> <span class='ocrx_word' id='word_1_99' title='bbox 683 2667 870 2759; x_wconf 82' lang='lat' dir='ltr'><strong>optativum</strong></span> <span class='ocrx_word' id='word_1_100' title='bbox 885 2667 1098 2736; x_wconf 87' lang='lat' dir='ltr'><strong>scribendum</strong></span> <span class='ocrx_word' id='word_1_101' title='bbox 1114 2665 1287 2768; x_wconf 79' lang='grc' dir='ltr'><strong><em>σελοῖποῤ-</em></strong></span> 
     </span>
    </p>
   </div>
   <div class='ocr_carea' id='block_1_12' title="bbox 174 2769 1285 2964">
    <p class='ocr_par' dir='ltr' id='par_1_12' title="bbox 174 2769 1285 2964">
     <span class='ocr_line' id='line_1_18' title="bbox 231 2769 322 2842; baseline 0 0"><span class='ocrx_word' id='word_1_102' title='bbox 231 2769 260 2842; x_wconf 88' lang='lat' dir='ltr'><strong>&#39;o</strong></span> <span class='ocrx_word' id='word_1_103' title='bbox 280 2798 322 2842; x_wconf 91' lang='grc' dir='ltr'><strong><em>ι</em></strong></span> 
     </span>
     <span class='ocr_line' id='line_1_19' title="bbox 174 2779 1285 2964; baseline 0.001 -23"><span class='ocrx_word' id='word_1_104' title='bbox 174 2779 236 2870; x_wconf 41' lang='lat' dir='ltr'><strong>(dm</strong></span> <span class='ocrx_word' id='word_1_105' title='bbox 262 2799 371 2946; x_wconf 40' lang='lat' dir='ltr'><strong>&amp;cave</strong></span> <span class='ocrx_word' id='word_1_106' title='bbox 393 2895 474 2941; x_wconf 87' lang='lat' dir='ltr'><strong>vero</strong></span> <span class='ocrx_word' id='word_1_107' title='bbox 497 2881 614 2964; x_wconf 86' lang='lat' dir='ltr'><strong>putes,</strong></span> <span class='ocrx_word' id='word_1_108' title='bbox 641 2873 827 2941; x_wconf 83' lang='lat' dir='ltr'><strong>simultis</strong></span> <span class='ocrx_word' id='word_1_109' title='bbox 818 2895 852 2940; x_wconf 87' lang='lat' dir='ltr'><strong>ur</strong></span> <span class='ocrx_word' id='word_1_110' title='bbox 868 2873 951 2941; x_wconf 85' lang='lat' dir='ltr'><strong>loeis</strong></span> <span class='ocrx_word' id='word_1_111' title='bbox 977 2895 1085 2962; x_wconf 88' lang='lat' dir='ltr'><strong>aeque</strong></span> <span class='ocrx_word' id='word_1_112' title='bbox 1106 2871 1220 2941; x_wconf 75' lang='lat' dir='ltr'><strong>tuturo</strong></span> <span class='ocrx_word' id='word_1_113' title='bbox 1244 2897 1285 2942; x_wconf 87' lang='lat' dir='ltr'><strong>ao</strong></span> 
     </span>
    </p>
   </div>
   <div class='ocr_carea' id='block_1_13' title="bbox 170 2974 1367 3994">
    <p class='ocr_par' dir='ltr' id='par_1_13' title="bbox 172 2974 1296 3478">
     <span class='ocr_line' id='line_1_20' title="bbox 173 2974 1286 3068; baseline -0.001 -23"><span class='ocrx_word' id='word_1_114' title='bbox 173 2976 383 3045; x_wconf 83' lang='lat' dir='ltr'><strong>coniunctivo</strong></span> <span class='ocrx_word' id='word_1_115' title='bbox 404 2976 499 3043; x_wconf 87' lang='lat' dir='ltr'><strong>locus</strong></span> <span class='ocrx_word' id='word_1_116' title='bbox 523 2986 591 3064; x_wconf 81' lang='lat' dir='ltr'><strong>est,</strong></span> <span class='ocrx_word' id='word_1_117' title='bbox 617 2977 671 3044; x_wconf 87' lang='lat' dir='ltr'><strong>vel</strong></span> <span class='ocrx_word' id='word_1_118' title='bbox 694 2977 859 3068; x_wconf 90' lang='lat' dir='ltr'><strong>particula</strong></span> <span class='ocrx_word' id='word_1_119' title='bbox 882 2975 928 3048; x_wconf 79' lang='grc' dir='ltr'><strong><em>οἳι</em></strong></span> <span class='ocrx_word' id='word_1_120' title='bbox 948 2983 1061 3043; x_wconf 88' lang='lat' dir='ltr'><strong>utrum</strong></span> <span class='ocrx_word' id='word_1_121' title='bbox 1080 2974 1226 3044; x_wconf 82' lang='lat' dir='ltr'><strong>addatur</strong></span> <span class='ocrx_word' id='word_1_122' title='bbox 1243 3001 1286 3044; x_wconf 91' lang='lat' dir='ltr'><strong>an</strong></span> 
     </span>
     <span class='ocr_line' id='line_1_21' title="bbox 172 3077 1296 3169; baseline -0.001 -21"><span class='ocrx_word' id='word_1_123' title='bbox 172 3102 240 3149; x_wconf 92' lang='lat' dir='ltr'><strong>nou</strong></span> <span class='ocrx_word' id='word_1_124' title='bbox 269 3078 430 3164; x_wconf 84' lang='lat' dir='ltr'><strong>addatur,</strong></span> <span class='ocrx_word' id='word_1_125' title='bbox 465 3101 590 3169; x_wconf 89' lang='lat' dir='ltr'><strong>parum</strong></span> <span class='ocrx_word' id='word_1_126' title='bbox 616 3079 737 3166; x_wconf 83' lang='lat' dir='ltr'><strong>refert,</strong></span> <span class='ocrx_word' id='word_1_127' title='bbox 771 3077 852 3146; x_wconf 84' lang='lat' dir='ltr'><strong>nihil</strong></span> <span class='ocrx_word' id='word_1_128' title='bbox 883 3078 1079 3147; x_wconf 83' lang='lat' dir='ltr'><strong>discriminis</strong></span> <span class='ocrx_word' id='word_1_129' title='bbox 1105 3101 1178 3148; x_wconf 89' lang='lat' dir='ltr'><strong>esse</strong></span> <span class='ocrx_word' id='word_1_130' title='bbox 1201 3081 1296 3149; x_wconf 87' lang='lat' dir='ltr'><strong>iuter</strong></span> 
     </span>
     <span class='ocr_line' id='line_1_22' title="bbox 172 3180 1286 3274; baseline 0.001 -24"><span class='ocrx_word' id='word_1_131' title='bbox 172 3182 233 3250; x_wconf 89' lang='lat' dir='ltr'><strong>has</strong></span> <span class='ocrx_word' id='word_1_132' title='bbox 251 3181 412 3271; x_wconf 91' lang='lat' dir='ltr'><strong>loquendi</strong></span> <span class='ocrx_word' id='word_1_133' title='bbox 425 3181 580 3250; x_wconf 89' lang='lat' dir='ltr'><strong>rationes.</strong></span> <span class='ocrx_word' id='word_1_134' title='bbox 615 3182 704 3249; x_wconf 89' lang='lat' dir='ltr'><strong>Nam</strong></span> <span class='ocrx_word' id='word_1_135' title='bbox 721 3180 881 3250; x_wconf 76' lang='lat' dir='ltr'><strong>differunt</strong></span> <span class='ocrx_word' id='word_1_136' title='bbox 894 3204 992 3269; x_wconf 83' lang='lat' dir='ltr'><strong>sane,</strong></span> <span class='ocrx_word' id='word_1_137' title='bbox 1019 3181 1081 3250; x_wconf 78' lang='lat' dir='ltr'><strong>aed</strong></span> <span class='ocrx_word' id='word_1_138' title='bbox 1099 3206 1202 3274; x_wconf 83' lang='lat' dir='ltr'><strong>saepe</strong></span> <span class='ocrx_word' id='word_1_139' title='bbox 1216 3206 1286 3251; x_wconf 87' lang='lat' dir='ltr'><strong>nou</strong></span> 
     </span>
     <span class='ocr_line' id='line_1_23' title="bbox 172 3283 1284 3375; baseline 0.001 -22"><span class='ocrx_word' id='word_1_140' title='bbox 172 3285 314 3354; x_wconf 89' lang='lat' dir='ltr'><strong>multum</strong></span> <span class='ocrx_word' id='word_1_141' title='bbox 339 3285 493 3370; x_wconf 88' lang='lat' dir='ltr'><strong>interest,</strong></span> <span class='ocrx_word' id='word_1_142' title='bbox 528 3283 596 3372; x_wconf 89' lang='lat' dir='ltr'><strong>hoe</strong></span> <span class='ocrx_word' id='word_1_143' title='bbox 625 3308 668 3353; x_wconf 90' lang='lat' dir='ltr'><strong>an</strong></span> <span class='ocrx_word' id='word_1_144' title='bbox 694 3286 752 3353; x_wconf 86' lang='lat' dir='ltr'><strong>illo</strong></span> <span class='ocrx_word' id='word_1_145' title='bbox 781 3285 885 3353; x_wconf 89' lang='lat' dir='ltr'><strong>modo</strong></span> <span class='ocrx_word' id='word_1_146' title='bbox 909 3285 1060 3375; x_wconf 87' lang='lat' dir='ltr'><strong>loquare.</strong></span> <span class='ocrx_word' id='word_1_147' title='bbox 1115 3287 1182 3354; x_wconf 83' lang='lat' dir='ltr'><strong>vbi</strong></span> <span class='ocrx_word' id='word_1_148' title='bbox 1202 3309 1284 3354; x_wconf 87' lang='lat' dir='ltr'><strong>vero</strong></span> 
     </span>
     <span class='ocr_line' id='line_1_24' title="bbox 172 3386 1285 3478; baseline -0.001 -22"><span class='ocrx_word' id='word_1_149' title='bbox 172 3388 298 3478; x_wconf 87' lang='lat' dir='ltr'><strong>aiiquid</strong></span> <span class='ocrx_word' id='word_1_150' title='bbox 324 3388 480 3475; x_wconf 88' lang='lat' dir='ltr'><strong>interest,</strong></span> <span class='ocrx_word' id='word_1_151' title='bbox 522 3387 622 3456; x_wconf 83' lang='lat' dir='ltr'><strong>facile</strong></span> <span class='ocrx_word' id='word_1_152' title='bbox 651 3387 783 3474; x_wconf 86' lang='lat' dir='ltr'><strong>videas,</strong></span> <span class='ocrx_word' id='word_1_153' title='bbox 825 3387 907 3478; x_wconf 92' lang='lat' dir='ltr'><strong>quid</strong></span> <span class='ocrx_word' id='word_1_154' title='bbox 934 3386 1101 3456; x_wconf 82' lang='lat' dir='ltr'><strong>differant.</strong></span> <span class='ocrx_word' id='word_1_155' title='bbox 1153 3387 1285 3456; x_wconf 87' lang='lat' dir='ltr'><strong>Iudicat</strong></span> 
     </span>
    </p>

    <p class='ocr_par' dir='ltr' id='par_1_14' title="bbox 170 3482 1367 3994">
     <span class='ocr_line' id='line_1_25' title="bbox 171 3482 1367 3582; baseline -0.003 -21"><span class='ocrx_word' id='word_1_156' title='bbox 171 3492 260 3562; x_wconf 89' lang='lat' dir='ltr'><strong>euim</strong></span> <span class='ocrx_word' id='word_1_157' title='bbox 282 3492 432 3560; x_wconf 83' lang='lat' dir='ltr'><strong>futurum</strong></span> <span class='ocrx_word' id='word_1_158' title='bbox 448 3512 506 3577; x_wconf 86' lang='lat' dir='ltr'><strong>ea,</strong></span> <span class='ocrx_word' id='word_1_159' title='bbox 533 3514 621 3579; x_wconf 90' lang='lat' dir='ltr'><strong>quae</strong></span> <span class='ocrx_word' id='word_1_160' title='bbox 641 3491 835 3582; x_wconf 88' lang='lat' dir='ltr'><strong>simpliciter</strong></span> <span class='ocrx_word' id='word_1_161' title='bbox 851 3499 889 3558; x_wconf 94' lang='lat' dir='ltr'><strong>ut</strong></span> <span class='ocrx_word' id='word_1_162' title='bbox 902 3491 1015 3560; x_wconf 83' lang='lat' dir='ltr'><strong>futura</strong></span> <span class='ocrx_word' id='word_1_163' title='bbox 1035 3513 1283 3560; x_wconf 88' lang='lat' dir='ltr'><strong>commemora·</strong></span> <span class='ocrx_word' id='word_1_164' title='bbox 1358 3482 1367 3503; x_wconf 63' lang='grc'><strong>”</strong></span> 
     </span>
     <span class='ocr_line' id='line_1_26' title="bbox 171 3593 1283 3686; baseline -0.001 -24"><span class='ocrx_word' id='word_1_165' title='bbox 171 3618 255 3680; x_wconf 88' lang='lat' dir='ltr'><strong>mus,</strong></span> <span class='ocrx_word' id='word_1_166' title='bbox 272 3594 393 3685; x_wconf 89' lang='lat' dir='ltr'><strong>quibus</strong></span> <span class='ocrx_word' id='word_1_167' title='bbox 409 3594 436 3662; x_wconf 87' lang='lat' dir='ltr'><strong>si</strong></span> <span class='ocrx_word' id='word_1_168' title='bbox 452 3593 585 3661; x_wconf 77' lang='lat' dir='ltr'><strong>additur</strong></span> <span class='ocrx_word' id='word_1_169' title='bbox 600 3593 646 3666; x_wconf 80' lang='grc' dir='ltr'><strong><em>οἲι</em></strong></span> <span class='ocrx_word' id='word_1_170' title='bbox 662 3595 718 3662; x_wconf 87' lang='lat' dir='ltr'><strong>vel</strong></span> <span class='ocrx_word' id='word_1_171' title='bbox 734 3595 808 3684; x_wconf 81' lang='grc' dir='ltr'><strong>ιιεί,</strong></span> <span class='ocrx_word' id='word_1_172' title='bbox 825 3593 920 3662; x_wconf 92' lang='lat' dir='ltr'><strong>haud</strong></span> <span class='ocrx_word' id='word_1_173' title='bbox 936 3603 1029 3664; x_wconf 83' lang='lat' dir='ltr'><strong>certo</strong></span> <span class='ocrx_word' id='word_1_174' title='bbox 1043 3594 1158 3661; x_wconf 85' lang='lat' dir='ltr'><strong>futura</strong></span> <span class='ocrx_word' id='word_1_175' title='bbox 1171 3594 1283 3686; x_wconf 86' lang='lat' dir='ltr'><strong>signi-</strong></span> 
     </span>
     <span class='ocr_line' id='line_1_27' title="bbox 171 3695 1283 3788; baseline 0 -23"><span class='ocrx_word' id='word_1_176' title='bbox 171 3699 320 3766; x_wconf 89' lang='lat' dir='ltr'><strong>ficamus.</strong></span> <span class='ocrx_word' id='word_1_177' title='bbox 375 3695 746 3781; x_wconf 70' lang='lat' dir='ltr'><strong>Coniunctivusautem</strong></span> <span class='ocrx_word' id='word_1_178' title='bbox 762 3707 953 3788; x_wconf 87' lang='lat' dir='ltr'><strong>usurpatur,</strong></span> <span class='ocrx_word' id='word_1_179' title='bbox 979 3695 1037 3763; x_wconf 93' lang='lat' dir='ltr'><strong>ubi</strong></span> <span class='ocrx_word' id='word_1_180' title='bbox 1054 3697 1283 3788; x_wconf 82' lang='lat' dir='ltr'><strong>experientiae</strong></span> 
     </span>
     <span class='ocr_line' id='line_1_28' title="bbox 171 3799 1283 3894; baseline -0.001 -26"><span class='ocrx_word' id='word_1_181' title='bbox 171 3801 405 3892; x_wconf 88' lang='lat' dir='ltr'><strong>comprobatio</strong></span> <span class='ocrx_word' id='word_1_182' title='bbox 425 3800 619 3891; x_wconf 85' lang='lat' dir='ltr'><strong>respicitur,</strong></span> <span class='ocrx_word' id='word_1_183' title='bbox 645 3801 679 3866; x_wconf 89' lang='lat' dir='ltr'><strong>in</strong></span> <span class='ocrx_word' id='word_1_184' title='bbox 702 3823 771 3890; x_wconf 91' lang='lat' dir='ltr'><strong>quo</strong></span> <span class='ocrx_word' id='word_1_185' title='bbox 786 3821 914 3894; x_wconf 83' lang='lat' dir='ltr'><strong>genere</strong></span> <span class='ocrx_word' id='word_1_186' title='bbox 932 3807 1047 3889; x_wconf 88' lang='lat' dir='ltr'><strong>potest</strong></span> <span class='ocrx_word' id='word_1_187' title='bbox 1064 3799 1144 3868; x_wconf 93' lang='lat' dir='ltr'><strong>addi</strong></span> <span class='ocrx_word' id='word_1_188' title='bbox 1165 3799 1283 3873; x_wconf 73' lang='lat' dir='ltr'><strong>eirvei</strong></span> 
     </span>
     <span class='ocr_line' id='line_1_29' title="bbox 170 3901 1282 3994; baseline -0.005 -18"><span class='ocrx_word' id='word_1_189' title='bbox 170 3905 240 3988; x_wconf 82' lang='grc' dir='ltr'><strong>κεί,</strong></span> <span class='ocrx_word' id='word_1_190' title='bbox 266 3905 293 3971; x_wconf 86' lang='lat' dir='ltr'><strong>si</strong></span> <span class='ocrx_word' id='word_1_191' title='bbox 309 3903 530 3994; x_wconf 84' lang='lat' dir='ltr'><strong>vocabulum,</strong></span> <span class='ocrx_word' id='word_1_192' title='bbox 558 3904 612 3970; x_wconf 88' lang='lat' dir='ltr'><strong>cui</strong></span> <span class='ocrx_word' id='word_1_193' title='bbox 625 3902 796 3990; x_wconf 83' lang='lat' dir='ltr'><strong>adiicitur,</strong></span> <span class='ocrx_word' id='word_1_194' title='bbox 824 3901 1050 3971; x_wconf 86' lang='lat' dir='ltr'><strong>conditionem</strong></span> <span class='ocrx_word' id='word_1_195' title='bbox 1069 3904 1218 3994; x_wconf 90' lang='lat' dir='ltr'><strong>aliquam</strong></span> <span class='ocrx_word' id='word_1_196' title='bbox 1232 3905 1282 3972; x_wconf 87' lang='lat' dir='ltr'><strong>rei</strong></span> 
     </span>
    </p>
   </div>
   <div class='ocr_carea' id='block_1_14' title="bbox 169 4003 991 4111">
    <p class='ocr_par' dir='ltr' id='par_1_15' title="bbox 169 4003 991 4111">
     <span class='ocr_line' id='line_1_30' title="bbox 169 4003 991 4111; baseline -0.005 -36"><span class='ocrx_word' id='word_1_197' title='bbox 169 4007 324 4075; x_wconf 81' lang='lat' dir='ltr'><strong>fortuitae</strong></span> <span class='ocrx_word' id='word_1_198' title='bbox 341 4007 493 4075; x_wconf 87' lang='lat' dir='ltr'><strong>admittit.</strong></span> <span class='ocrx_word' id='word_1_199' title='bbox 546 4007 598 4074; x_wconf 87' lang='lat' dir='ltr'><strong>Ita</strong></span> <span class='ocrx_word' id='word_1_200' title='bbox 609 4006 693 4074; x_wconf 90' lang='lat' dir='ltr'><strong>illud</strong></span> <span class='ocrx_word' id='word_1_201' title='bbox 712 4005 806 4074; x_wconf 81' lang='lat' dir='ltr'><strong>Iliad</strong></span> <span class='ocrx_word' id='word_1_202' title='bbox 823 4032 849 4079; x_wconf 90' lang='grc' dir='ltr'><strong>ε.</strong></span> <span class='ocrx_word' id='word_1_203' title='bbox 865 4003 952 4072; x_wconf 76' lang='grc' dir='ltr'><strong>46Ί.</strong></span> <span class='ocrx_word' id='word_1_204' title='bbox 987 4105 991 4111; x_wconf 10' lang='grc' dir='ltr'>ἱ</span> 
     </span>
    </p>
   </div>
   <div class='ocr_carea' id='block_1_15' title="bbox 219 4169 1153 4277">
    <p class='ocr_par' dir='ltr' id='par_1_16' title="bbox 219 4169 1153 4277">
     <span class='ocr_line' id='line_1_31' title="bbox 219 4169 1153 4277; baseline -0.001 -27"><span class='ocrx_word' id='word_1_205' title='bbox 219 4174 303 4252; x_wconf 77' lang='grc' dir='ltr'><strong><em>ὅττι</em></strong></span> <span class='ocrx_word' id='word_1_206' title='bbox 314 4171 407 4272; x_wconf 84' lang='grc' dir='ltr'><strong><em>μόλ’</em></strong></span> <span class='ocrx_word' id='word_1_207' title='bbox 426 4174 470 4250; x_wconf 80' lang='grc' dir='ltr'><strong>οὐ</strong></span> <span class='ocrx_word' id='word_1_208' title='bbox 485 4170 652 4275; x_wconf 70' lang='grc' dir='ltr'><strong><em>δηναιός,</em></strong></span> <span class='ocrx_word' id='word_1_209' title='bbox 673 4177 712 4258; x_wconf 83' lang='grc' dir='ltr'><strong>ός</strong></span> <span class='ocrx_word' id='word_1_210' title='bbox 728 4169 955 4251; x_wconf 73' lang='grc' dir='ltr'><strong><em>ἀθανάτοισι</em></strong></span> <span class='ocrx_word' id='word_1_211' title='bbox 969 4171 1153 4277; x_wconf 79' lang='grc' dir='ltr'><strong><em>μα’χηπαι,</em></strong></span> 
     </span>
    </p>
   </div>
   <div class='ocr_carea' id='block_1_16' title="bbox 167 4327 1282 4424">
    <p class='ocr_par' dir='ltr' id='par_1_17' title="bbox 167 4327 1282 4424">
     <span class='ocr_line' id='line_1_32' title="bbox 167 4327 1282 4424; baseline -0.003 -25"><span class='ocrx_word' id='word_1_212' title='bbox 167 4354 267 4400; x_wconf 87' lang='lat' dir='ltr'><strong>nemo</strong></span> <span class='ocrx_word' id='word_1_213' title='bbox 289 4355 356 4400; x_wconf 88' lang='lat' dir='ltr'><strong>non</strong></span> <span class='ocrx_word' id='word_1_214' title='bbox 372 4330 483 4418; x_wconf 88' lang='lat' dir='ltr'><strong>videt,</strong></span> <span class='ocrx_word' id='word_1_215' title='bbox 510 4331 610 4403; x_wconf 87' lang='lat' dir='ltr'><strong>etiam</strong></span> <span class='ocrx_word' id='word_1_216' title='bbox 631 4329 750 4412; x_wconf 80' lang='lat' dir='ltr'><strong>addito</strong></span> <span class='ocrx_word' id='word_1_217' title='bbox 768 4328 815 4406; x_wconf 80' lang='grc' dir='ltr'><strong><em>ιλιι</em></strong></span> <span class='ocrx_word' id='word_1_218' title='bbox 838 4329 907 4400; x_wconf 88' lang='lat' dir='ltr'><strong>diei</strong></span> <span class='ocrx_word' id='word_1_219' title='bbox 920 4329 1081 4424; x_wconf 83' lang='lat' dir='ltr'><strong>potuisse</strong></span> <span class='ocrx_word' id='word_1_220' title='bbox 1133 4327 1205 4399; x_wconf 85' lang='lat' dir='ltr'><strong>Sed</strong></span> <span class='ocrx_word' id='word_1_221' title='bbox 1229 4336 1282 4397; x_wconf 88' lang='lat' dir='ltr'><strong>est</strong></span> 
     </span>
    </p>
   </div>
   <div class='ocr_carea' id='block_1_17' title="bbox 0 0 1464 4890">
    <p class='ocr_par' dir='ltr' id='par_1_18' title="bbox 0 0 1464 4890">
     <span class='ocr_line' id='line_1_33' title="bbox 0 0 1464 4890; baseline 0 5"><span class='ocrx_word' id='word_1_222' title='bbox 0 0 1464 4890; x_wconf 95' lang='lat' dir='ltr'><strong> </strong></span> 
     </span>
    </p>
   </div>
  </div>
 </body>
</html>
