2918 4890
563 313 600 373 Ll
613 314 644 376 B.
669 313 692 376 1.
737 315 835 383 CAP.
860 321 919 416 lo..
1246 327 1288 388 ol

178 499 371 572 Facerem.
422 499 529 621 Apud
550 501 816 579 Herodotuml.
840 504 903 579 42.
936 505 1114 597 Adrastus,
1149 513 1286 581 nonli-

176 604 301 672 bcnter
318 627 355 671 se
376 604 467 696 regis
484 605 575 674 iussa
596 607 710 676 lacere
735 610 880 678 ostendit
900 609 952 677 his
974 611 1101 682 verbis.
1129 642 1155 686 ω
1144 609 1285 708 βασι.

176 706 262 796 teri,
298 704 410 787 ἄλλως
426 707 495 800 μὲν
519 709 627 800 ἔγωγε
655 710 702 784 σίν
724 709 789 785 στίν
813 711 875 843 ηϊα
899 717 933 792 ἐς
954 710 1092 787 ἄεθλον
1121 711 1282 792 τοιόνδε·

178 802 344 936 στλτεηοίρ
355 836 524 933 συμφορη
511 810 659 941 τριῇδο
675 818 894 938 κεχρημένον
908 808 1000 894 εἰκός
1013 817 1088 889 ἐστι
1104 823 1139 898 ἐς
1151 814 1284 916 ὁμήλι-

176 938 240 992 ινας
253 907 296 985 εδ
308 907 535 1009 πρήσσοντας
551 916 659 1004 ἰέναι,
685 915 831 1040 peiraco
823 911 1050 1009 βούλεσθαι
1062 913 1174 1016 ποίρα,
1196 927 1285 996 πολ-

176 1015 270 1110 λαχῇ
288 1042 331 1086 τε
359 1013 405 1087 ἄν
432 1017 534 1105 ἴσχον
556 1013 728 1146 ε’μαρτιίν.
779 1020 873 1089 Male
895 1032 929 1088 et
949 1030 1064 1088 contra
1090 1027 1285 1094 sententiam

175 1118 243 1184 loci
262 1118 458 1186 novissimus
480 1117 639 1186 editor
615 1121 765 1211 ανίσχσν
791 1123 896 1191 dedit.
947 1124 1154 1214 lrnperfecto
1183 1130 1285 1196 utitur

174 1230 321 1310 propter
339 1220 424 1288 illud
445 1222 622 1316 πολλαχῇι
649 1234 743 1312 ante,
770 1227 828 1294 ubi
846 1228 950 1295 semel
975 1226 1177 1349 capiendum
1201 1255 1285 1299 con·

174 1323 318 1390 silium
308 1346 344 1391 ιιι
365 1334 478 1392 mente
500 1323 677 1410 habet,
653 1337 715 1420 ηϊα
734 1330 864 1419 posuit:
890 1329 1041 1398 nondum
1066 1333 1171 1417 enim,
1208 1357 1285 1402 mea

175 1427 358 1510 sententia,
388 1428 467 1496 vicit
480 1425 774 1520 Buttmannus‚
750 1441 812 1528 ηϊα
828 1433 1018 1524 imperfecti
1033 1434 1178 1504 formam
1191 1459 1284 1506 esse.

173 1529 419 1626 Aristophanes
433 1531 499 1603 Av.
516 1528 603 1604 786.

225 1677 351 1773 ατίτίχ
380 1680 482 1776 νμοῖν
507 1683 581 1757 τοῖν
608 1683 754 1758 θεατῶν
780 1687 817 1756 εί
838 1712 893 1766 τις
918 1682 965 1782 η’ν
990 1682 1213 1786 τινιόνιτερσς,

225 1780 311 1858 εἶτα
336 1785 467 1858 νιεινιίν
494 1792 572 1867 τοῖς
601 1793 744 1888 χοροῖσι
769 1787 843 1860 τσίν
869 1790 1063 1910 τραγῳδῶν
1091 1790 1240 1886 ἤχθετο,

224 1880 444 1981 ίνιιτομενος
470 1887 515 1961 δν
542 1885 648 1970 οὗτος
658 1886 864 2017 ἠρίστησεν
889 1884 1007 1965 nodo
1033 1895 1172 1982 οίιιαδε,

223 1985 309 2088 κᾷτ’
335 1989 381 2064 ἄν
407 1991 667 2088 ἑμνιλησδείς’
649 2020 695 2089 ιφ
739 1988 833 2089 η’μοῖς
858 1987 1024 2074 αὖθις
999 2022 1045 2066 αν
1070 1998 1281 2072 κατέπτετο

172 2143 248 2213 Sed
263 2144 358 2236 qnod
371 2145 481 2213 statim
498 2145 665 2235 seqnitur,
760 2185 763 2190 ·

225 2296 323 2370 εἴτε
328 2295 619 2423 Πατροκλείδης
643 2322 699 2377 τις
724 2293 825 2420 ιίηιιλν
850 2290 1022 2417 τοηχοίνει
1048 2297 1232 2427 χεζητιῶν,

224 2394 291 2471 οὐν
317 2397 367 2474 σίν
389 2399 539 2483 ἐξίδισεν
566 2402 615 2481 ιίς
640 2392 862 2494 θοιμάτιον,
889 2395 972 2474 α’λλ
998 2396 1198 2493 ἀνέπτετο,

171 2553 288 2621 nescio
303 2577 346 2621 au
366 2552 494 2622 dictum
518 2555 559 2623 s1t
571 2576 651 2622 vere
672 2552 715 2621 de
737 2577 775 2622 re
797 2553 998 2646 praeterita,
1025 2577 1130 2646 quum
1154 2554 1282 2624 factum

171 2655 256 2746 quid
270 2656 463 2725 huiusmodi
478 2680 552 2726 esse
565 2679 586 2724 a
601 2656 792 2724 Patroclide
810 2656 985 2748 significet.

274 2759 329 2828 De
344 2759 463 2829 futuris
478 2760 555 2829 satis
572 2767 702 2828 constat
722 2761 871 2850 ἔμελλον
887 2767 921 2825 et
937 2759 1112 2851 ε’μίλλησα
1128 2759 1282 2851 usurpari

171 2884 215 2930 eo
230 2862 325 2953 quod
339 2863 412 2954 ipsa
425 2862 522 2932 huius
536 2864 629 2931 verbi
640 2873 796 2953 tempora
809 2860 957 2928 indicant
974 2861 1173 2933 discrimine.
1209 2861 1282 2931 Sed

171 2973 223 3032 est
249 2965 351 3033 etiam
367 2966 426 3035 ubi
445 2968 517 3034 sine
539 2965 638 3049 huius
660 2965 754 3034 verbi
771 2964 961 3032 accessione
977 2963 1127 3032 futurum
1147 2975 1281 3054 tempus
1410 3044 1413 3055 ,

170 3068 380 3161 respiciatur,
401 3071 447 3137 ita
466 3079 588 3154 tamen,
614 3078 661 3155 ut,
683 3078 772 3136 recte
793 3067 960 3160 explicata
974 3067 1144 3151 sententia,
1163 3091 1217 3136 res
1237 3067 1281 3134 ad

169 3194 331 3263 praesens
343 3173 398 3241 vel
410 3172 456 3240 ad
470 3173 699 3264 praeteritum
695 3170 834 3242 ffredeat
861 3170 907 3238 Vt
925 3170 1018 3261 apud
1037 3169 1280 3261 Antiphontem

169 3297 209 3366 p.
229 3273 317 3348 778.
340 3271 516 3348 οὐδέποτε
531 3272 712 3398 ἠθέλησαν
728 3277 881 3346 ελδείν
864 3271 922 3344 ενιί
936 3273 1049 3345 τοῦτο
1066 3300 1110 3345 το
1103 3266 1280 3398 δίηαιον,

170 3404 212 3450 ευ
200 3370 401 3458 είδότες”
378 3405 439 3451 οτι
459 3373 523 3450 oria
541 3377 587 3449 ἄν
604 3371 749 3497 τούτοις
764 3370 848 3447 κατ’
862 3402 952 3465 spon
940 3375 1138 3465 d'ieyxoc
1121 3373 1280 3492 ιγίηνετρ

171 3475 296 3560 οὗτος,
324 3475 441 3553 ἀλλ”
425 3507 505 3572 spor
524 3508 616 3551 κατα
639 3473 801 3566 τούτων,
828 3473 889 3549 ὅτι
910 3472 1175 3595 οὐδὲνδίηαισν
1197 3473 1280 3548 οὐδ’

170 3577 337 3679 etpotc’
315 3582 482 3670 ητιῶντο.
516 3584 677 3650 Potuerat
692 3582 816 3666 dicere,
843 3607 883 3652 nv
871 3573 1032 3659 εἰδότες
1047 3606 1111 3650 ουν
1127 3578 1172 3650 σίν
1187 3571 1280 3650 τού-

169 3711 249 3764 τοις
263 3679 481 3780 γενήσεσθαι
497 3687 651 3776 ε’λ.εγχον
704 3686 803 3752 Νιιιιο
820 3681 1106 3802 quemadmodum
1122 3682 1280 3769 loquutus

170 3795 239 3875 cst,
264 3787 332 3854 hoc
349 3787 444 3855 dicit:
470 3789 663 3857 noluerunt
678 3809 723 3856 ea
743 3787 806 3855 via
824 3785 896 3872 uti,
925 3785 1032 3877 quia,
1060 3807 1091 3853 ει
1085 3784 1148 3854 id
1159 3782 1280 3878 secis—

170 3897 267 3976 sent,
291 3911 362 3958 νιονι
377 3891 466 3958 mihi
483 3914 546 3980 ea,
573 3892 640 3961 sed
657 3890 747 3983 ipsis
762 3889 955 3958 nocuisset.

272 3991 345 4061 Sed
364 3993 399 4060 in
419 3992 471 4062 his
493 3995 646 4062 omnibus
670 4016 774 4082 quum
789 3992 871 4059 nihil
892 3989 1095 4058 difficultatis
1112 3990 1171 4076 sit,
1199 3989 1279 4056 alias

166 4095 280 4186 potius
295 4096 457 4186 loquendi
472 4083 633 4165 formulas
650 4097 910 4165 consideremus,
948 4094 1001 4160 Ac
1016 4094 1126 4185 primo
1143 4091 1279 4180 quidem

168 4199 366 4284 sententias,
400 4223 486 4289 quac
517 4199 564 4273 σίν
586 4200 778 4293 pronomini
802 4197 941 4266 relativo
968 4196 1115 4282 iunctun'r
1139 4193 1277 4265 habent.

167 4299 337 4393 Apertum
360 4313 411 4371 est
433 4312 565 4392 autem,
596 4305 624 4373 si
645 4326 713 4395 qua
739 4300 917 4387 sententia,
952 4321 1039 4389 quae
1065 4300 1222 4388 ipseper
1244 4318 1281 4364 se

993 4418 1187 4486 D2·
