2918 4890
166 293 229 354 m
523 283 580 343 DE
608 281 883 344 Pluulcvnt
904 279 949 347 δν

272 476 351 543 Νοιι
367 473 485 541 dubito
506 472 587 561 quin
608 471 709 538 etiam
731 472 956 539 coniunctivus
975 492 1052 537 cum
1071 471 1117 543 οἲν
1137 475 1278 542 coniun-

172 587 244 647 ctus
263 579 298 646 in
314 578 452 666 obliqua
472 560 623 643 oratioue
641 576 675 640 in
696 574 894 642 infinitivum
920 575 1069 641 converti
1091 579 1217 667 possit,
1243 588 1280 645 ut

172 679 264 755 ὅταν
282 680 321 753 δὲ
337 680 509 772 γενέσθαι
524 677 642 749 τούτο
651 731 665 765 ,
692 670 780 748 τότε
793 672 977 770 ποιήσειν,
1003 678 1064 744 etsi
1080 702 1148 746 nou
1167 681 1279 749 habeo

173 784 367 875 exemplum
392 783 618 872 inpromptu.
671 779 742 848 Sed
767 779 851 846 illud
880 789 991 871 patet,
1024 803 1101 848 enm
1127 795 1279 852 constru-

172 888 318 955 ctionem
333 908 402 953 non
417 905 519 976 posse
539 884 636 968 ferri,
663 884 691 950 si
710 883 852 951 verbum
868 882 963 972 quod
972 883 1167 952 infinitivum
1182 889 1280 978 regit,

127 992 131 998 ’
171 991 282 1081 ipsum
305 1011 346 1056 ex
367 989 424 1054 illa
446 1010 532 1054 voce
556 986 769 1054 conditionali
791 986 937 1076 pendet,
964 987 1071 1075 qualis
1090 999 1140 1056 est
1164 990 1256 1057 hic
1247 1014 1281 1058 ιιι

171 1093 342 1185 plerisque
358 1090 457 1158 codd.
480 1089 716 1157 Demosthenis
734 1089 829 1157 loeus
852 1111 888 1180 p.
911 1084 973 1172 95,
992 1087 1052 1156 24.
1072 1093 1103 1160 εὶ
1126 1120 1194 1186 γαρ
1215 1092 1281 1191 ἤδη

172 1192 356 1292 τοσαύτην
379 1191 541 1275 ἐξουσίαν
559 1197 635 1272 τοῖς
658 1192 856 1264 αἰτιᾶσθαι
878 1217 939 1263 ναι
931 1186 1167 1284 διαβάλλειν
1187 1202 1281 1288 βον-

174 1298 340 1387 λομένοις
355 1294 494 1372 δι’δοτε,
523 1292 609 1373 οἴετο
635 1322 693 1365 ναι
712 1292 793 1388 περὶ
809 1290 859 1365 ὦν
881 1292 927 1366 ἄν
945 1321 1036 1389 φασι
1053 1298 1196 1387 μέλλειν
1217 1296 1282 1370 αύ-

174 1393 241 1471 τύν
262 1404 402 1486 ποιεῖν,
430 1395 585 1490 καὶπερὶ
601 1391 743 1468 τούτων
760 1391 1131 1493 προκατηγορούντων
1148 1396 1281 1494 αἰιροοῖ·

174 1510 264 1579 σθο,
289 1499 328 1572 τί
344 1497 389 1570 ἄν
407 1525 463 1578 τις
478 1499 596 1588 λέγοις
621 1507 782 1586 recteque
803 1508 887 1590 puto
907 1499 1130 1568 Scheefernm
1145 1513 1180 1571 et
1196 1527 1281 1595 pro-

174 1603 277 1686 bare,
304 1600 398 1691 quod
420 1600 599 1668 Bellienus
625 1597 786 1668 omisit*
760 1627 827 1688 αν,
855 1611 889 1668 et
912 1601 1026 1670 dicere
1046 1615 1178 1674 servato
1198 1609 1281 1675 scri-

173 1705 323 1774 bendum
339 1727 412 1772 esse
428 1703 555 1798 φύσιν.

700 1906 759 1973 lll.

367 2043 442 2113 De
475 2043 537 2117 οἷν
572 2065 684 2113 eum
713 2043 1053 2139 participio.

274 2180 407 2249 Eadem
420 2182 542 2268 omnin,
568 2204 656 2272 quae
671 2180 715 2248 de
727 2180 888 2250 infinitivo
903 2181 994 2252 dicte
1009 2191 1095 2270 sunl,
1116 2184 1283 2273 quadrant

174 2284 273 2352 etiam
290 2286 325 2352 iu
337 2285 567 2376 participium,
594 2285 648 2351 cui
661 2283 779 2352 iisdem
793 2307 932 2376 prorsus
948 2287 1191 2356 venditionibus
1206 2290 1282 2357 iuu-

175 2387 264 2479 gitur
289 2385 344 2460 ἄν.
398 2388 487 2454 Nam
512 2387 626 2458 ποιοῖν
650 2385 695 2457 ἄν
716 2395 767 2453 est
791 2388 846 2454 vel
865 2387 903 2469 ος
922 2389 1037 2462 ἐποίει
1062 2389 1108 2463 οἶν
1115 2444 1130 2479 ,
1164 2394 1220 2459 vel
1246 2392 1284 2472 ὃς

175 2494 281 2561 ποιοῖ
291 2487 337 2559 ἄν
344 2543 357 2576 ,
383 2489 447 2555 nisi
461 2488 572 2576 quod,
599 2496 636 2555 nt
652 2489 829 2579 multiplex
851 2500 901 2557 est
912 2486 1080 2585 participii
1095 2515 1189 2579 usus,
1215 2519 1283 2562 non

176 2592 302 2680 ubique
320 2587 369 2678 ὅς,
396 2589 456 2658 sed
474 2587 551 2678 ὅτε,
580 2592 626 2678 εἰ,
646 2587 720 2667 ὅτι,
747 2591 897 2680 aliasque
912 2597 1093 2684 particulas
1108 2596 1282 2688 adhihere,

174 2694 230 2760 vel
251 2694 352 2762 etiam
367 2693 590 2785 'pasticipium
614 2693 808 2783 simpliciter
826 2695 860 2762 iu
883 2698 1026 2766 verbum
1052 2699 1183 2766 finitum
1206 2725 1283 2770 cum

175 2794 221 2867 οἶν
236 2797 367 2865 solvere
373 2807 491 2888 potes.
519 2795 566 2866 Vt
578 2795 672 2888 apud
686 2797 914 2889 Aeschylum,
941 2799 1200 2894 elisaphath.

340 2925 494 3007 λιπων
468 2960 514 3006 οιν
532 2929 729 3005 εικλειαν’
712 2960 751 3005 εν
764 2927 952 3028 δόμοισιν,

339 3035 472 3108 τέκνων
488 3062 529 3106 τε
546 3027 733 3114 κελεύθοις

339 3135 579 3230 ἐπίστρεπτον
595 3136 708 3209 αι’ωνα
726 3134 849 3218 κτίσας

340 3231 613 3326 πολύχωστον
588 3266 634 3310 οιν
652 3234 742 3328 εἶχες
803 3290 806 3297 ,

341 3334 461 3433 τάφον
477 3339 754 3414 διοιποντιοω
706 3367 779 3434 ρας.

173 3486 200 3558 l.
212 3510 240 3554 e.
255 3487 433 3570 ἕλιπεςύν.
449 3492 624 3563 Demosth.
634 3492 720 3561 Phil
731 3494 756 3560 l.
764 3495 870 3618 prip'c.
881 3495 1113 3586 etmprooem
1121 3520 1156 3589 p
1170 3499 1281 3568 1418.

43 3606 49 3615 ·
175 3592 211 3659 εἰ
221 3589 289 3680 μὲν
303 3619 373 3686 γαρ
389 3594 472 3687 περὶ
494 3596 623 3667 νωινού
638 3621 737 3674 τινος
755 3591 969 3727 πράγματος
985 3595 1283 3692 προύτίθετο,ω

176 3687 303 3785 ἄνδρες
316 3691 525 3818 Αθηναῖοι,
539 3699 664 3788 λέγεηιν
693 3691 847 3788 ε’πισχων
858 3699 973 3780 οἳνὲως
985 3705 1261 3776 οἱπλεῖστοι
1208 3734 1282 3778 των

175 3788 361 3867 εἰωθότων
389 3792 532 3920 γνώμην
562 3793 816 3892 ἀπεφήναντο,
851 3803 887 3873 εἰ
911 3829 980 3894 μεν
1006 3800 1135 3898 ἤρεσκέ
1155 3807 1195 3879 τί
1216 3836 1283 3897 μοι

174 3893 248 3967 τῶν
265 3892 338 3969 ύπό
355 3894 497 3973 τούτων
518 3901 724 4000 ῥηθέντων,
755 3899 907 3996 ησνχίαν
925 3902 970 3975 ἄν
989 3931 1088 3998 ηγον.
1142 3909 1282 4002 Sopho-

175 3995 346 4068 clesOed.
359 4002 404 4074 R.
419 4000 504 4072 523.

277 4147 362 4225 αλλ
377 4149 470 4249 ηλθε
484 4156 553 4248 μὲν
569 4151 613 4251 δη
630 4157 741 4229 τούτο
756 4154 940 4238 τοῦνειδος
952 4152 1037 4249 τάχ’
1056 4159 1101 4233 ἄν

282 4251 372 4352 ὀργῇ
391 4259 547 4350 βιασθὲν
563 4259 742 4355 μᾶλλονῆ
754 4253 875 4358 γνώμη
890 4262 1040 4358 φρονεῖν.
