2918 4890
58 228 61 233 ⁵
197 250 263 335 am
327 267 385 328 ns
409 265 642 326 nascerer
664 266 959 333 rnonsruro
980 269 1173 335 sorvro

198 473 254 529 tur
274 459 309 526 in
329 456 425 524 lexici
441 455 528 523 illius
544 454 690 523 editione
708 456 871 525 lihromm
890 461 1089 552 scripturam
1111 463 1301 549 nassovius,

198 583 336 631 aereum
350 560 475 629 tonitru
487 557 553 626 dici
569 568 678 626 ratus:
703 580 782 627 nam
796 561 921 650 ubique
935 562 991 632 ille
1005 574 1039 632 et
1054 565 1163 656 ipsum
1176 589 1301 636 nomen

197 657 386 761 κεραυνός,
412 673 447 732 et
470 683 558 751 quae
578 683 621 728 ex
641 684 684 729 eo
704 664 894 754 composita
914 676 1008 751 sunt,
1034 667 1080 734 nd
1101 670 1223 736 tonitru
1241 694 1301 740 re-

196 770 283 837 fert:
308 765 402 857 quod
425 787 494 834 non
519 764 634 832 facere
658 763 784 839 debuit.
837 765 1049 862 Brequignyi
1072 771 1299 842 coniecturam

196 868 477 962 χαλκοκιλαλνων
508 877 636 936 tontum
668 890 712 936 ne
739 871 951 960 praeteriisse
985 872 1103 941 videar
1132 898 1297 951 memoro.

194 974 276 1042 Veri
296 972 403 1040 simile
427 982 496 1060 est,
523 993 639 1039 ansam
659 971 830 1062 Aeschylo
854 973 1009 1064 dedisse,
1035 986 1073 1044 ut
1092 979 1177 1046 aeris
1200 1003 1299 1048 men-

193 1077 319 1146 tionem
334 1075 479 1161 faceret,
504 1074 692 1143 Homerum
712 1072 780 1146 0d
796 1104 827 1169 y.
845 1074 881 1153 l

294 1207 492 1293 Ηέλιοςδ
508 1204 702 1334 ἀνόρουσε,
728 1205 841 1286 lenda
856 1216 1070 1338 περικαλλέα
1086 1215 1228 1318 λίμνην,

297 1309 456 1411 edoardo
473 1318 507 1394 sc
521 1307 756 1405 πολύχαλκον

192 1454 369 1526 Praeteriit
405 1452 474 1520 hoc
518 1451 603 1518 caeli
649 1474 840 1544 cognomen
880 1453 1087 1524 doctissimus
1131 1459 1296 1579 interpres

193 1557 396 1629 Nitaschius.
450 1552 539 1621 Mihi
560 1575 627 1620 non
648 1553 739 1621 idem
758 1555 852 1645 qnod
873 1549 1019 1646 χάλκεος
1040 1569 1076 1627 et
1091 1553 1183 1641 Διός
1202 1568 1295 1652 χαλ-

193 1661 347 1754 κοβατὲς
363 1657 432 1746 δῶ,
460 1655 521 1724 sed
537 1655 753 1747 splendidum
771 1681 871 1725 aerea
891 1661 1099 1751 supellectile
1115 1685 1294 1734 ornamen-

192 1767 301 1856 tisque
326 1762 458 1831 videtur
480 1760 678 1852 significare.
731 1763 820 1830 Nam
841 1762 892 1830 bis
915 1774 1041 1832 tantum
1065 1766 1110 1834 de
1126 1770 1224 1862 caelo
1240 1769 1295 1837 di-

192 1879 302 1949 ctum,
327 1867 385 1936 hic
403 1873 438 1933 et
450 1862 545 1931 llrad
562 1890 590 1936 s.
605 1861 717 1930 504ss
708 1887 742 1932 m
757 1866 896 1934 caeteris
908 1867 990 1935 locrs
1007 1868 1144 1938 divitem
1157 1886 1191 1939 et
1203 1894 1293 1963 opu

192 1973 320 2044 lentum
340 1977 449 2037 notate
475 1966 569 2034 lliad.
593 1963 727 2039 κ.315.
745 1995 775 2039 o.
795 1967 880 2037 289.
909 1967 978 2042 od.
998 1970 1128 2044 0.424.
1178 1977 1294 2064 Atque

190 2074 382 2166 Aeschylus
397 2069 534 2161 quidem
552 2092 657 2159 quum
677 2071 788 2138 lacum
795 2127 809 2160 ,
837 2074 870 2140 in
896 2096 999 2162 quem
1021 2074 1119 2143 Sol'
1110 2100 1294 2170 rmmerge-

190 2187 304 2266 retur,
329 2175 414 2245 aeris
434 2174 544 2263 aliqua
561 2183 640 2240 nota
658 2174 845 2265 insignivit,
872 2177 946 2266 ipse
970 2200 1107 2267 quoque
1127 2181 1182 2248 vir
1201 2182 1293 2250 aliud

189 2304 292 2372 quam
316 2277 533 2372 splendorem
553 2275 665 2344 dicere
680 2279 807 2368 potnit,
839 2279 905 2345 hac
922 2281 1021 2348 etiam
1047 2283 1081 2349 in
1109 2284 1293 2354 reducem

188 2384 319 2454 habens
334 2383 545 2464 Homerum,
566 2379 659 2471 apud
677 2402 778 2469 quem
794 2391 845 2449 est
858 2383 988 2454 Iliada
990 2381 1100 2454 .153

891 2520 977 2617 τῆλε
995 2520 1033 2594 δε
1047 2515 1175 2612 χαλκος
1232 2563 1238 2577 ·

292 2616 430 2718 λάμφ’,
454 2619 540 2703 ciera
555 2613 716 2717 στεροπή
729 2647 868 2717 πατρος
882 2622 984 2704 Διός.

136 2763 231 2834 lter
250 2783 362 2854 prope
381 2759 501 2829 iisdem
521 2759 676 2831 serbisl.
698 2755 760 2827 65.
811 2760 984 2829 Persimile
997 2760 1048 2829 his
1056 2761 1211 2848 ,falcon
1239 2775 1292 2832 est

187 2866 486 2958 χαλκοκέραανοςε
519 2863 624 2931 modo
645 2863 718 2951 quis
742 2862 882 2948 doceat,
910 2857 1106 2960 κεραυνόν,
1134 2889 1202 2955 quo
1223 2891 1290 2935 no·

186 2967 276 3035 mine
299 2966 427 3035 fulmen
447 2967 569 3034 feriens
588 2974 745 3049 vocatur,
771 2964 861 3033 idem
882 2989 955 3034 esse
977 2967 1071 3056 quod
1085 2963 1288 3064 α’στραπῆν,

186 3071 246 3160 qui
259 3079 309 3138 est
322 3092 500 3138 coruscans
518 3069 633 3159 fulgor
647 3068 803 3139 fulminis,
851 3067 941 3136 Mihi
956 3069 1041 3137 haec
1057 3079 1126 3137 tam
1143 3073 1288 3141 insolens

186 3173 384 3266 significatio
403 3172 552 3258 videtur,
579 3180 616 3238 ut
635 3170 734 3239 valde
762 3181 953 3264 suspectam
972 3173 1127 3242 habeam.
1179 3175 1288 3242 Intel-

182 3275 325 3369 ligerem
346 3266 670 3370 χαλκομοὶρανγον,
698 3274 792 3365 quod
810 3276 921 3368 ipsum
946 3277 989 3344 ah
1010 3277 1165 3346 Homero
1189 3300 1287 3346 com-

181 3379 430 3449 mendationem
443 3376 548 3447 hahet
562 3376 658 3452 lliad.
669 3405 700 3452 ν.
717 3375 804 3451 340.

611 3504 615 3509 ’
676 3510 814 3588 dcoad'
807 3513 987 3636 ἄμερδεν

284 3614 377 3715 κύμη
368 3612 540 3718 χαλκείη
555 3611 725 3716 κορύθων
741 3613 814 3691 α’πο
807 3610 1109 3712 λαμπομενάων.

179 3755 414 3879 Μαραυγιῐν,
430 3755 525 3880 qnod
537 3752 737 3824 Plutarchus
751 3754 795 3822 ab
810 3755 1049 3845 antiquioribus
1064 3757 1170 3849 petiit,
1187 3754 1285 3845 (nam

182 3884 295 3976 amoq
313 3852 383 3953 reio
399 3884 444 3932 το
436 3851 632 3954 λαμπρον
647 3883 740 3951 paor
755 3858 965 3952 papavya'nv
980 3859 1193 3957 περιτίθησι
1205 3864 1284 3939 τοῖς

181 3954 657 4054 dodalpoIcArchytasdirdt
673 3959 767 4051 apud
777 3960 962 4029 Stohaeum
969 3963 1077 4032 Serm
1086 3963 1112 4031 Ι.
1120 3961 1199 4053 81.)
1213 3983 1283 4028 non

180 4084 248 4157 ego
264 4062 412 4154 quidem,
433 4075 471 4132 ιιι
482 4062 676 4132 Lobeclrios
691 4063 736 4130 ad
752 4063 879 4154 Phryn
894 4089 932 4155 p
947 4063 1036 4139 d'll
1054 4068 1081 4135 si
1095 4088 1173 4134 eum
1187 4073 1282 4133 recte

179 4164 350 4260 intelligo,
383 4167 567 4235 communis
589 4166 749 4234 sermonis
769 4189 832 4235 usu
854 4168 1062 4257 obliquatum
1085 4178 1120 4238 et
1145 4177 1281 4236 contra-

180 4268 441 4360 ctumdirerim,
466 4268 528 4340 sed
548 4292 590 4340 er
614 4270 688 4363 ipsa
708 4268 823 4340 radice
840 4270 1039 4363 formatum,
1065 4295 1107 4343 ex
1122 4295 1190 4364 qua
1205 4280 1282 4341 suot
