2918 4890
522 284 609 348 ιιι.
631 285 668 348 ιι
712 286 810 351 οιι.
836 292 885 356 ιι
939 364 942 368 ,
1198 292 1262 358 ιιι

148 476 289 563 mirum,
313 498 355 543 ac
376 472 491 567 potius
515 475 725 565 incredibile,
757 478 853 567 quod
871 479 1001 571 placuit
1022 481 1259 573 matteis,

149 577 378 672 significarc“
358 579 538 651 eracliam
556 577 888 653 ibiinillislliadn.
904 579 991 650 126.

199 728 316 805 ἀλλ”
297 753 420 824 νομεν
446 729 583 812 κείνους
597 733 636 804 δὲ
654 728 884 829 κιχησόμεθα
899 760 973 830 προ
964 727 1139 808 πυλῶσιν
1201 744 1205 749 ’

199 841 238 909 ἐν
255 829 471 931 ootdaeeoo'·
500 841 561 908 ἵνα
575 829 646 930 γάρ
664 861 752 930 σφιν
765 839 971 933 ἐπέφραδον
983 833 1208 936 ἠγερέεσθαι.

149 988 254 1074 Quod
274 989 410 1056 unicum
430 995 481 1055 est
499 985 598 1055 liuius
621 988 825 1078 significatus
841 990 1058 1081 exemplum,
1083 990 1146 1058 sed
1164 989 1259 1078 illud,

148 1102 186 1160 nt
204 1114 273 1184 ego
285 1091 424 1181 quidem
440 1090 603 1175 existimo,
628 1100 761 1158 vetusto
777 1115 891 1162 errore
905 1093 1137 1184 depravatum.
1174 1093 1259 1178 Quis

148 1196 255 1285 enim,
281 1197 339 1283 qni
363 1195 533 1287 cognitam
551 1191 678 1261 habeat
699 1196 873 1286 epicorum
897 1196 1097 1282 dictionem,
1124 1196 1259 1265 dubita-

148 1299 208 1386 bit,
234 1299 316 1450 (puin
338 1308 445 1390 poeta
460 1296 590 1383 dixerit,
617 1303 676 1370 ἴνα
697 1299 765 1394 πέρ
791 1325 878 1394 σφιν
895 1301 1100 1396 ἐπέφραδον
1116 1295 1259 1397 sirapti-

148 1410 258 1476 σθαι.

249 1555 302 1624 Ac
310 1551 575 1624 nescioanhaud
581 1552 691 1623 minor
699 1555 1009 1646 perversitasinillo
1018 1556 1069 1639 sit,
1085 1555 1124 1625 11.
1133 1551 1257 1655 'lm

477 1706 532 1803 τῷ
549 1706 595 1781 οὔ
608 1702 653 1782 ni
667 1736 705 1781 τι
719 1709 861 1829 κέρδιον
875 1705 963 1802 ἡμῖν

199 1813 357 1904 ἔλπομαι
372 1813 623 1902 ἐκτελέεσθαι,
650 1819 709 1886 ἴνα
722 1839 774 1904 μη
792 1814 942 1909 ῥέξομεν
959 1807 1050 1906 cido,

147 1968 207 2036 ubi
222 1973 282 2040 ἵνα
296 1968 486 2060 significare
495 1966 612 2034 volunt
620 1954 694 2038 ἑῶν.
722 1963 828 2049 Quod
837 1965 899 2033 etsi
912 1965 986 2033 ficri
998 1968 1117 2058 potnit,
1135 1968 1258 2037 licebat

146 2073 235 2140 enim
251 2070 318 2137 dici
328 2068 440 2143 ὄπουε
464 2079 578 2137 tamen
597 2076 741 2160 propter
756 2068 893 2135 finalem
907 2078 1132 2161 potestatem,
1152 2094 1258 2164 *qnam

147 2181 207 2247 ἴνα
233 2197 311 2242 cum
335 2173 546 2242 coniunctivo
569 2171 698 2240 habere
720 2171 821 2257 solet,
847 2171 948 2239 valde
974 2172 1171 2266 ambignum
1198 2183 1257 2244 est.

145 2277 188 2345 Ei
212 2279 263 2344 rei
288 2277 465 2368 prospexit
484 2272 714 2362 AristarchuS,
749 2274 805 2363 qui
834 2269 885 2346 ἵν’
907 2273 953 2347 ῶν
977 2276 1125 2368 scripsit,
1157 2292 1258 2345 versu

146 2403 224 2447 cnm
239 2381 309 2450 aliis
323 2379 549 2472 grammaticis
561 2386 708 2471 propter
728 2377 937 2445 insolentiam
952 2375 1103 2448 dictionis
1118 2380 1256 2447 damna-

145 2493 199 2570 to,
224 2493 264 2550 ut
280 2483 387 2552 schol.
412 2481 498 2550 Ven.
521 2490 555 2549 ct
578 2481 665 2549 Vict
680 2503 734 2572 ap.
758 2479 871 2571 Hcyn.
894 2480 961 2552 vol.
977 2481 1018 2550 V.
1042 2505 1079 2574 p.
1095 2480 1182 2550 724.
1202 2490 1256 2551 te-

145 2595 283 2660 stantur.
334 2587 409 2654 Nec
424 2585 557 2653 ridetur
571 2585 628 2652 ille
645 2594 773 2651 temere
785 2593 844 2651 aut
857 2585 927 2652 sine
943 2586 1105 2676 exemplis
1124 2587 1170 2653 ita
1187 2594 1256 2654 sto-

144 2691 256 2758 tuissc.
296 2687 399 2758 Certe
414 2688 508 2779 quod
529 2688 626 2756 estin
641 2686 840 2755 Archilochi
851 2684 1043 2778 fragmento
1063 2689 1157 2781 apud
1172 2688 1255 2758 Sto·

144 2793 268 2862 haeum
286 2791 359 2862 CX.
375 2791 476 2861 10.
451 2814 567 2884 srvep.
585 2789 671 2860 100.
689 2788 745 2862 ed.
762 2813 827 2859 sec.
840 2789 996 2879 Licbelii,

475 2926 656 3032 μηδεὶς
614 2921 675 3001 ἔθ
690 2923 792 3017 ὑμῶν
807 2925 951 3023 οἰςορῶν
969 2924 1208 3018 θαυμαζέτω,

195 3029 324 3208 μηδλ’“’
304 3060 364 3107 ινα
380 3035 523 3129 διλφῐσι
541 3012 656 3129 θῆρες
666 3023 970 3192 ’σῖνταμιίψωνσυι
985 3020 1101 3140 νομῶν

196 3164 259 3210 ενα
283 3163 363 3226 ιον,

108 3290 111 3295 ·
143 3272 179 3339 in
200 3293 243 3339 eo
263 3269 460 3340 videtur‘*
411 3301 446 3345 ιν
482 3270 529 3344 ῶν
550 3271 662 3363 potius
683 3268 899 3338 scribendum
925 3291 1009 3356 esse,
1037 3289 1139 3359 quam
1160 3267 1254 3358 quod

59 3417 74 3425 -
143 3374 369 3443 Valckenario
388 3375 434 3442 ad
456 3375 586 3443 Phoen.
603 3371 719 3442 1448.
741 3371 886 3464 placuit,
920 3366 995 3445 ἐῶν.
1047 3370 1152 3463 Apud
1173 3371 1253 3439 Ari-

144 3476 346 3570 stophanem
358 3480 447 3547 Rau.
462 3475 546 3548 175.
560 3477 684 3570 vulgo,

132 3711 135 3714 ,
194 3628 396 3725 ἐπίμεινον,
421 3660 448 3705 ον
436 3624 627 3725 δαιμόνι’
636 3679 647 3718 ,
674 3620 738 3702 ἑῶν
751 3627 875 3725 ξυμβῶ
889 3626 928 3701 τέ
942 3651 1011 3702 σοι

143 3784 404 3855 scholiastest'
386 3813 450 3859 σαν
463 3786 589 3879 ξυμβῶ
601 3810 671 3858 σοι
673 3809 871 3916 ρραφετρυ
885 3780 995 3855 δὲκαὶ
1009 3785 1078 3854 ἴνα
1094 3787 1153 3854 ἴνα
1164 3789 1251 3876 ξυμ

62 3885 64 3894 ‘
143 3883 296 3985 portico
316 3916 387 3961 σοι.
411 3889 533 3981 ἔλεγον
555 3879 744 3964 δὲτδῖνα
763 3876 1032 3959 ῶντὶτοῶέαν.
1054 3883 1115 3956 καὶ
1123 3882 1247 3982 Ὅμη-

143 4009 222 4084 ρος·
271 3998 345 4064 ἴνα
372 3985 432 4086 μή
455 3991 664 4113 ρέξσμιν
698 3985 790 4062 cido.
841 3987 892 4054 lta
921 3985 1145 4056 scribendum.
1196 3989 1249 4057 Ac

142 4093 373 4186 legituffl}
278 4121 338 4166 ινα
355 4093 506 4188 ξυμβῶ
497 4117 532 4161 ιιι
549 4093 649 4164 codd.
668 4089 916 4182 quibusdam,
906 4113 942 4157 m
955 4091 1076 4179 quibus
1091 4113 1164 4160 esse
1176 4091 1249 4158 Ra-

142 4220 267 4266 vennas
284 4196 416 4284 dicitur,
442 4205 477 4265 et
491 4198 524 4264 in
539 4199 655 4288 Etym.
669 4196 719 4267 M.
733 4220 770 4289 p.
785 4193 871 4281 734,
893 4191 953 4261 30.
1005 4193 1079 4263 Sed
1095 4189 1143 4266 ἵν’
1158 4191 1203 4264 ῶν
1214 4194 1249 4261 in

141 4308 234 4370 textu
247 4297 480 4370 'Baroccianus
495 4309 530 4370 et
545 4300 704 4387 Venetus,
730 4300 875 4391 optimus
889 4295 1006 4368 codex.
1042 4295 1100 4367 Ad
1114 4317 1248 4366 sensum
1275 4400 1277 4404 Ι

1335 3865 1351 3921 l
1437 3926 1440 3934 .
