3236 5048
291 345 356 410 218
415 343 469 402 DE
494 339 731 406 Ausonum
755 341 1049 408 Pnounufleo
1070 345 1255 406 SOLVTO

289 529 349 600 ταί
373 527 560 622 δυςοσμίας
579 523 698 622 βάλοι.
748 531 795 598 At
820 529 912 598 baud
930 530 1032 600 dubie
1049 533 1093 602 de
1113 533 1294 606 Salmoneo
1313 537 1384 606 ful-

289 633 380 700 mine
391 631 460 700 ioto
473 654 583 700 sermo
599 641 678 699 erat
699 631 860 723 Aeschyli
873 655 987 701 versus
1000 657 1042 704 ex
1054 637 1258 706 Prometheo
1267 663 1385 708 ernen-

291 735 411 802 darunt
438 732 656 803 casaubonus
680 735 725 802 ad
752 733 952 803 Strabonem
973 759 1010 828 p.
1034 737 1119 810 182.
1145 749 1179 808 et
1201 741 1382 812 Bentleius.

289 837 486 930 Legebatur
498 829 652 933 ἑρσυτήν
667 837 707 910 δὲ
723 847 758 906 et
772 831 863 930 ιιρῦς
877 846 1057 928 πνοαῖσιν,
1083 838 1240 936 silanos
1255 855 1290 913 et
1304 848 1384 941 τοῦ·

292 961 362 1030 ψας
376 936 489 1034 ἄφνω.
540 937 759 1010 casaubonus
775 939 882 1010 miuus
902 941 1006 1029 bene,
1036 937 1126 1040 σιούς
1139 939 1261 1027 orode.
1288 943 1335 1022 οῦ
1348 944 1384 1021 δ’

291 1037 470 1133 ου’λαβοῦ,
497 1051 533 1108 et
552 1043 753 1137 συστρέψας
775 1039 859 1113 ἄνω.
912 1043 1102 1114 Gatakerus
1127 1049 1163 1115 in
1185 1049 1272 1118 Adv.
1289 1051 1382 1124 miso.

289 1167 323 1235 p.
337 1140 423 1210 532.
440 1166 545 1232 quum
560 1143 626 1210 aba
640 1145 674 1212 in
683 1143 752 1210 hoo
765 1144 842 1212 looo
852 1147 939 1214 male
953 1149 1129 1236 constituit,
1155 1161 1226 1218 tum
1236 1149 1383 1246 τιέμᾳιιγἱ

290 1243 498 1339 ἀνατρέψας
526 1244 639 1338 ἄφνω.
692 1245 796 1330 Quod
816 1269 896 1316 mox
922 1272 964 1318 ex
992 1250 1211 1322 Colchidibus
1234 1254 1383 1342 affertur,

289 1351 338 1415 sie
364 1359 436 1416 erat
456 1351 632 1440 scriptum:
659 1348 725 1419 νῦν
745 1343 943 1442 ἐθαύμασα
956 1353 1041 1450 τῇδε
1062 1355 1202 1428 σνυιιῦν
1218 1360 1383 1452 πέμφιγα

288 1452 446 1544 χρυσέαν
474 1445 569 1522 ἰδαίν.
618 1449 822 1518 Emendavit
842 1453 1031 1542 Beothius,
1065 1457 1126 1525 sed
1152 1459 1298 1528 scribens
1327 1463 1384 1530 ille

288 1546 570 1645 αᾰνιεδαῦμασα.
621 1551 731 1640 Mihi,
764 1555 860 1643 qnod
887 1559 1003 1648 posui,
1035 1561 1242 1634 verisimilius
1269 1565 1383 1634 vnum.

288 1655 519 1743 Sequebatur:
546 1651 641 1727 οῦτοι
655 1653 714 1726 καί
727 1651 926 1748 Αἰσχύλος,
953 1665 989 1743 ἐξ
1007 1657 1173 1746 α’ντιαίας
1191 1664 1278 1740 οῦτι
1291 1669 1385 1759 σίμ-

289 1766 352 1851 φιξ
368 1755 470 1851 ἡλίου
486 1757 756 1852 ιιροςδίριιται,
782 1757 828 1832 οῦ
848 1755 888 1832 τ’
903 1758 1066 1860 α’στίρον
1088 1765 1210 1859 στόμα
1230 1768 1386 1866 Λητώας

156 1875 162 1890 “
289 1853 403 1956 κόρης.
455 1859 657 1930 Emendatio
672 1859 828 1932 Bentleio
849 1863 1009 1950 debetur,
1033 1870 1092 1958 qui
1103 1892 1184 1939 mox
1198 1872 1298 1942 etiam
1311 1879 1385 1969 ῥα-

239 1960 392 2049 26νίδος
406 1961 440 2030 in
460 1961 594 2030 Galeno
613 1984 678 2054 pro
696 1961 880 2056 (iayirrooc
898 1971 1057 2060 reposuit
1106 1973 1269 2066 Aeschyli
1291 1975 1385 2065 quod

224 2061 227 2068 ’
288 2065 438 2153 sequitur
461 2065 653 2156 exemplum
676 2087 780 2154 quum
793 2090 862 2136 non
878 2069 1010 2140 adiecto
1026 2077 1227 2166 cognomine
1242 2100 1284 2146 ex
1296 2079 1384 2146 Pro-

287 2166 424 2234 metbeo
454 2168 600 2234 attulerit
632 2165 808 2258 Galenus,
847 2173 1004 2244 eumdem
1030 2175 1163 2247 videtur
1193 2179 1385 2273 designare,
1532 2275 1538 2282 .

287 2291 389 2357 quem
402 2291 503 2361 supra
518 2269 656 2340 dixerat.
706 2270 753 2338 Et
769 2273 953 2344 concordat
968 2277 1246 2377 etianrrsententia
1258 2285 1384 2353 utrius-

287 2394 354 2460 que
368 2372 558 2463 fragmenti.
611 2372 807 2464 Legebatur
823 2372 1034 2478 προςβῦλλῃζ
1053 2368 1057 2381 “
1074 2381 1256 2475 Sophoclis
1271 2410 1291 2454 e
1305 2387 1384 2456 Sal-

286 2495 408 2542 moneo
423 2476 565 2542 altarum
577 2476 769 2567 exemplum
781 2478 828 2545 sio
843 2480 1081 2554 exhibebatur:
1095 2491 1248 2581 αδμφιγι
1262 2489 1385 2562 πᾶσαν

287 2571 491 2669 ὀψιαγίλων
511 2570 631 2670 πυρός.
682 2577 873 2668 Bentleius,
898 2585 1054 2679 αδμφιγι
1071 2587 1192 2661 ιισῒυαν
1213 2589 1303 2685 ὄψιν
1320 2589 1384 2687 α’γ·

285 2679 374 2771 γέλῳ
390 2671 511 2771 τυρός.
549 2677 591 2746 ld
603 2679 659 2748 vix
672 2688 729 2748 aut
740 2683 910 2774 scripserit
923 2685 1124 2778 Sophocles,
1150 2702 1208 2760 aut
1222 2693 1383 2782 Galenus,

260 2819 262 2830 ι
284 2779 484 2878 imperfecta
502 2783 679 2870 sententia,
705 2785 859 2858 attulerit
909 2790 942 2858 A
960 2789 1159 2863 Callimachi
1179 2796 1383 2890 fragmento,

284 2883 379 2972 qnod
393 2884 555 2976 scriptum
573 2893 645 2954 erat
660 2879 713 2982 μή
728 2882 790 2960 διαί
809 2888 998 2986 πιμφίνων
1014 2889 1203 2988 διάγουσιν
1217 2901 1259 2972 ἔα
1268 2954 1282 2988 ,
1308 2923 1383 2971 ma·

284 3007 365 3054 num
387 2986 545 3062 abstinuit
565 2985 756 3074 Bentleius‚
787 2992 848 3061 nisi
872 2995 967 3082 quod
986 2997 1128 3068 lacunae
1147 3002 1283 3094 signum
1304 3014 1385 3097 port

284 3087 1384 3299 ἷζίίφίέίὲξ’ἱῗίίαῦθῗίδίὲὶῗῖὼίίίῖᾚῦλίῖᾞί

284 3292 383 3373 bitur.
400 3293 440 3384 *J
491 3295 645 3384 Denique
668 3297 704 3365 in
728 3249 958 3392 Euphorionis
980 3327 1080 3376 versu
1101 3309 1279 3404 legabatur
1305 3309 1383 3387 ιίιισ

286 3390 322 3467 δ’
345 3394 454 3493 ἄνθη.
506 3395 679 3468 Bentloius
705 3397 883 3497 ἠπεδαναί
888 3454 900 3494 ,
934 3406 1093 3500 idemque
1116 3417 1152 3486 υί
1170 3413 1325 3490 πιδαναί
1348 3425 1384 3486 et

283 3492 507 3584 ἐπικλύζουσα
525 3501 675 3576 oonieoit.

385 3601 544 3691 Sequitur
557 3603 632 3694 ipse
647 3605 822 3700 depugna
835 3632 912 3680 num
923 3611 1106 3706 Ligunbus
1118 3617 1223 3692 loous.
1257 3619 1382 3690 Strabo

284 3725 388 3792 quum
411 3703 563 3794 dixisset,
587 3702 726 3799 μιταξῦ
740 3710 804 3806 τῆς
818 3714 1037 3798 Μασσαλίας
1049 3719 1110 3790 καί
1131 3719 1205 3792 τοῦν
1224 3723 1382 3814 ἕυβυλοῖν

187 3879 193 3890 ,
283 3807 352 3879 τοῦ
366 3805 551 3880 Ῥοδανοῦ
563 3807 688 3881 πεδίον
705 3811 796 3904 ἐστί,
823 3815 887 3911 τῆς
901 3812 1084 3918 θαλάττης
1099 3823 1219 3914 διέχον
1233 3826 1282 3905 ιίς
1298 3830 1382 3898 ἑνια-

232 3969 235 3974 .
283 3901 350 3980 τδν
369 3911 558 3998 σταδιόυς,
583 3911 763 3986 τοσοῦτον
784 3916 823 3990 δὲ
840 3911 907 3992 τδυ
929 3914 1128 4020 διάμετρον
1135 3978 1149 4012 ,
1177 3927 1382 4024 κυκλοτερὲς

283 4119 491 4132 uun—*-

232 4257 238 4274 ·
368 4241 398 4326 *)
420 4243 576 4322 Eleganter
594 4247 724 4310 Nrelrius
744 4250 776 4310 in
792 4251 998 4314 ffisaenationa
1013 4254 1051 4316 da
1075 4257 1251 4322 Callimachi
1269 4261 1381 4326 Hecale

283 4354 316 4413 p.
333 4334 383 4398 16.
405 4329 551 4390 conscit:
573 4332 672 4397 δείδια
687 4337 847 4422 πιμφίγυν
862 4339 1051 4430 ἐναγίσματα.
1150 4389 1155 4400 .
1353 4343 1358 4353 ’
