2918 4890
532 283 617 342 LIB.
644 282 693 346 IV.
738 283 831 343 CAP.
853 289 883 348 8.

145 550 147 553 ¹
169 467 263 543 oed.
280 469 356 544 cot.
371 466 458 540 964.

590 627 690 703 θεοῖς
703 616 772 718 γάρ
789 619 832 720 ἦν
849 622 943 697 οὕτω
961 625 1066 720 φίλον

274 718 360 815 τάχ’
375 721 422 796 ἀν
439 751 477 795 τι
491 722 680 822 μηνίσασα
696 729 744 806 είς
758 729 858 818 γένος
873 721 996 801 πάλαι.

171 877 229 970 Ad
243 885 422 965 utrumque
436 880 550 947 locum
565 881 640 947 vide
655 901 743 970 quae
757 879 923 948 adnotavi.

272 981 324 1048 lta
348 990 398 1048 est
426 991 539 1050 autem
565 1006 630 1074 par
653 983 823 1074 participii
846 992 880 1049 et
903 982 1052 1049 infinitivi
1075 985 1278 1054 constructio
1369 1035 1375 1045 ι

139 1094 144 1099 ’
172 1106 249 1150 curn
266 1081 332 1171 ἀν,
359 1094 397 1150 ut
409 1087 509 1153 etiam
529 1084 633 1153 futuri
646 1086 864 1176 participium
887 1094 920 1152 et
935 1084 1158 1153 dubitationes
1179 1087 1280 1155 faciat
1344 1082 1348 1090 ⁸

171 1186 308 1254 easdem
324 1210 408 1275 quas
422 1189 493 1256 eius
507 1188 667 1280 temporis
680 1189 870 1274 infinitivus,
899 1197 943 1265 et.
969 1188 996 1255 si
1009 1197 1059 1254 est
1071 1199 1278 1279 usurpatum,

170 1311 236 1356 non
258 1291 406 1379 potuerit
430 1291 500 1359 aliit
522 1314 623 1380 quam
645 1291 824 1360 infinitivus
848 1290 1091 1364 conditionibus
1113 1294 1276 1382 usurpari

169 1391 222 1459 De
240 1415 282 1460 eo
302 1395 538 1484 grammaticus
552 1393 754 1485 Bekkerip.
771 1391 857 1460 128.
869 1420 965 1484 μετα
957 1385 1179 1515 ρέλλοντσς
1183 1390 1277 1466 loo·

168 1488 302 1618 αρσίτης
318 1499 356 1568 ἐν
370 1495 423 1589 τῷ
436 1523 518 1592 περι
511 1489 769 1576 ἀντιδόσεως·
798 1491 866 1584 οὐχ
884 1493 929 1574 oio
946 1491 1012 1583 οὐχ
1030 1492 1179 1590 ἡδεάς
1154 1523 1199 1566 αν
1214 1525 1277 1569 τι-

169 1591 239 1668 ναίν
271 1623 345 1689 μον
379 1600 717 1691 ααταψεασομένων.
771 1598 818 1665 At
847 1597 946 1667 huius
980 1619 1117 1687 quoque
1143 1600 1276 1689 generis

169 1701 325 1791 exempla
347 1701 420 1768 fere
443 1701 600 1768 codicum
619 1701 741 1768 auxilio
765 1708 897 1769 remota
917 1710 1011 1783 sunt,
1037 1710 1075 1767 ut
1091 1700 1187 1790 apud
1202 1703 1277 1771 Iso·

169 1813 292 1869 cratem
307 1826 343 1894 p.
367 1803 513 1876 142.B.
535 1803 916 1895 apudDemosthenem
934 1826 971 1893 p.
988 1801 1075 1889 204,
1089 1802 1150 1876 23.
1203 1805 1277 1874 Nec

167 1906 307 1973 dubium
324 1915 393 1990 est,
419 1908 499 1996 quin
523 1909 623 1975 etiam
639 1905 684 1974 de
704 1907 818 1974 futuro
839 1915 995 1997 tempore
1015 1914 1196 2036 usurpetur
1214 1931 1277 1976 ao-

166 2009 235 2076 n'sti
247 2009 463 2101 participium
478 2033 555 2077 cum
571 2007 627 2082 σ’ίν
668 2008 893 2101 Thucydides
907 2008 968 2080 111.
984 2007 1065 2075 37.
1075 2009 1193 2099 οἱμὲν
1206 2004 1276 2106 νάρ

166 2112 240 2183 τάν
255 2140 296 2185 τε
310 2105 435 2204 νόμων
451 2106 656 2206 σοφώτεροι
676 2105 876 2203 βούλονται
896 2110 1113 2204 φαίνεσθαι,
1140 2111 1214 2182 τείν
1234 2140 1276 2184 τε

168 2210 224 2286 ἀει
217 2212 478 2306 λεγομένων
460 2241 494 2293 ες
509 2207 555 2286 τό
570 2206 694 2285 νσινόν
712 2211 1009 2335 περιγίγνεσθαι,
1038 2209 1083 2291 σίς
1102 2216 1140 2284 ἐν
1156 2205 1276 2293 tutta

165 2315 326 2408 μείζοσιν
344 2311 407 2388 otiu
434 2314 479 2387 ἀν
504 2309 733 2414 δηλώσαντες
746 2309 814 2412 τήν
834 2308 987 2413 γναίμην.
1038 2313 1113 2381 Vll.
1133 2313 1193 2384 42.
1215 2316 1274 2388 καί

167 2416 263 2515 ὀρσίν
285 2411 334 2490 τά
348 2417 620 2538 παρατείχισμα
642 2418 716 2491 ταῖν
731 2419 991 2512 Συρακουσίαν
1002 2471 1017 2505 ,
1045 2443 1072 2511 ῳ
1096 2411 1275 2490 ε’νσίίασαν

166 2518 409 2644 περιτειχίσαι
424 2520 518 2617 σφάς
535 2546 620 2601 ταας
640 2515 884 2616 Αθηναίοας,
912 2517 1051 2592 ἀπλσυν
1069 2545 1111 2590 τε
1125 2517 1187 2606 ὅν,
1214 2520 1275 2592 καί

166 2651 197 2708 ει
190 2616 468 2719 ε’πινρατήσειέ
478 2651 534 2704 τις
549 2622 623 2696 τάν
637 2651 678 2695 τε
694 2618 964 2710 ΗΕπιπολάν
917 2650 980 2718 της
995 2615 1202 2713 ἀναβάσεως
1215 2623 1275 2694 καί
1371 2710 1375 2721 Ι

166 2721 276 2805 αὖθις
298 2725 371 2798 τοῦ
388 2729 426 2798 ἐν
446 2721 574 2806 αὐταῖς
598 2728 864 2819 στρατοπέδου,
892 2721 1061 2819 ρᾳδίως
1036 2751 1082 2794 αν
1104 2721 1195 2796 atico
1188 2719 1273 2820 λη-

164 2830 271 2922 φθέν.
297 2827 493 2923 Xenophon
508 2829 618 2898 Anab
637 2828 679 2896 V.
696 2825 731 2915 2,
750 2826 785 2895 8
798 2853 908 2906 αατσς
923 2826 961 2898 δε
971 2817 1101 2917 διαβας
1117 2852 1182 2897 συν
1197 2854 1274 2908 τοις

164 2937 370 3023 λσχαγοῖς’
353 2936 539 3005 εσναπεῖτσ
566 2923 725 3060 πότερον
740 2932 810 3050 εἴη
839 2935 1005 3056 κρεῖττον
1034 2921 1188 3018 ἀπάγειν
1215 2928 1273 3001 καί

164 3059 250 3113 ταας
269 3027 581 3159 διαβεβηκότας
557 3061 579 3130 η
606 3031 665 3107 καί
680 3025 766 3113 cotie
786 3030 935 3111 ὁπλίτας
955 3024 1201 3123 διαβιβάζειν,
1228 3059 1274 3112 ως

164 3129 359 3216 ἀλόντος
334 3165 380 3209 αν
394 3137 465 3209 τοῦ
480 3135 624 3233 χωρίον.
667 3136 766 3222 Vide,
792 3159 836 3203 ne
849 3136 949 3226 plura
963 3133 1114 3217 afferam,
1140 3133 1272 3218 Sohae-

163 3239 293 3305 ferum
283 3262 317 3305 ιιι
326 3237 443 3309 Melet
459 3263 506 3312 cr.
522 3264 559 3330 p.
576 3234 661 3307 125.
679 3263 749 3329 seq.
765 3237 931 3306 Matthiae
946 3260 999 3330 gr.
1016 3236 1077 3304 Gr.
1096 3231 1130 3330 §
1142 3234 1230 3309 598
1238 3237 1271 3304 b

163 3340 236 3409 Sed
258 3341 352 3432 apud
373 3343 532 3462 Xenoph.
555 3341 684 3433 Cyrop.
706 3338 788 3426 l.6‚
806 3341 840 3408 1.
861 3340 955 3430 quod
968 3339 1105 3431 legitur:
1130 3333 1283 3411 τούτων·

164 3444 201 3516 δὲ
218 3446 415 3537 φανέντων,
431 3441 534 3518 σύδεν
551 3443 638 3517 ἀλλο
649 3437 990 3535 ἑτισίανιζόμενοι’
973 3434 1208 3535 επορεύσντσ,
1227 3439 1272 3521 ἀς
1326 3446 1330 3458 ’

164 3541 328 3619 σνδενα
304 3575 349 3619 αν
360 3541 578 3642 λησαντατα
587 3574 655 3620 τον
663 3546 837 3640 μεγιστου
847 3545 1093 3641 θεουσημεια
1102 3543 1271 3631 quodnon

163 3657 270 3716 estex
284 3651 474 3720 Atticorum
488 3673 551 3718 usu
567 3650 706 3732 dictum,
727 3648 772 3718 ad
785 3649 900 3740 Viget.
917 3672 953 3740 p.
967 3644 1053 3714 814.
1068 3637 1270 3740 ἰιιλήσοντα
1294 3645 1296 3649 ’

162 3752 360 3821 mutandum
369 3776 492 3824 consul
518 3751 714 3844 ldque,ms1
703 3750 866 3845 placet
842 3777 888 3823 αν
897 3748 1056 3835 delen,
1031 3770 1078 3816 stc
1094 3748 1156 3814 erit
1171 3749 1269 3816 intel-

162 3837 392 3946 ligandum,
365 3883 409 3936 ως
424 3881 467 3928 σν
459 3849 652 3952 λήσοντα,
669 3883 728 3929 ααι
720 3844 915 3928 οιίδίνα
890 3883 936 3928 αν
948 3848 1071 3926 totam
1099 3849 1171 3918 Sed
1180 3873 1269 3919 aon
1277 3859 1279 3877 ¹

79 4025 81 4029 ,
163 3958 204 4024 sti
213 3959 426 4049 partiorprum
434 3982 615 4028 nonmmus
624 3959 668 4028 de
677 3982 716 4027 re
724 3956 1088 4049 praetentadrcrtur,ut
1096 3953 1274 4044 apudlso‹

166 4070 345 4181 cratemp.
352 4059 437 4128 265.
445 4061 533 4129 E.'
498 4088 546 4143 εις
555 4090 647 4136 τοατ
652 4057 793 4184 ἧλθρν
809 4055 1018 4144 οὐκάνοίας,
1032 4049 1124 4129 ἀλλά
1136 4057 1269 4148 μανίας

163 4159 249 4243 cioca
271 4156 361 4257 πράς
373 4162 442 4256 μίν
457 4191 524 4236 ταν
547 4157 883 4287 επιστρατεάσαντα
899 4191 959 4236 ναι
951 4160 1202 4277 βσαληθίντα
1216 4186 1267 4232 τα

161 4264 229 4358 μὲν
252 4260 358 4339 πόλει
380 4258 499 4339 τσιίτω
525 4260 758 4340 παντάπασιν
784 4261 945 4354 ἀνελεῖν,
972 4257 1057 4344 cotio
1084 4256 1120 4334 δ
1140 4259 1268 4343 ἀλλους
