2918 4890
170 304 239 369 ιο,
268 346 272 355 ,
506 296 563 354 oa
600 289 872 356 ιιιιιιοιιι
893 285 939 356 ον

172 489 376 572 defendere3
406 487 468 560 lm.
492 485 671 555 Bekkerns
691 493 805 553 autem
828 483 952 575 aliique
974 479 1040 557 ὅοι
1060 472 1277 555 'scribendum

170 602 307 689 putant,
334 590 445 682 quod,
466 589 529 658 nisi
549 589 638 657 forte
663 598 697 657 et
713 587 805 662 ὅταν
830 597 864 656 et
883 587 952 661 οἰσὶ
972 597 1010 655 ut
1032 588 1076 656 ab
1094 588 1278 682 interprete

172 699 304 768 adiecta
319 694 425 765 deleri
442 693 610 780 volemus,
636 692 771 759 omnino
788 690 1003 781 probandum
1018 700 1078 759 est.
1182 762 1184 767 ,

270 799 379 870 Aliter
393 820 475 865 vero
490 796 596 865 sentio
617 794 662 862 de
674 793 842 862 Herodoti
856 794 968 862 verbis
982 793 1042 866 111.
1057 791 1155 866 on*
1144 815 1179 893 m
1200 795 1277 885 qui·

170 905 233 972 bus
247 903 340 970 idem
355 909 415 985 est,
441 908 541 988 atque
557 896 648 990 apud
663 897 869 989 Lycurgum,
895 897 1058 964 librorum
1079 888 1277 967 consensus.

171 1005 216 1102 ἦν
229 999 298 1132 reip
315 997 358 1097 δη
369 995 421 1097 μή
437 1006 516 1075 ἐστι
535 1028 555 1074 ο
547 993 703 1096 Κύρου
718 1001 898 1120 Σμέρδις,
926 991 1018 1072 oillei
1032 991 1099 1071 τὸν
1113 1003 1277 1073 καταδο-
1289 1036 1294 1041 ·

171 1109 236 1181 κὲω
251 1101 336 1200 ἑγιὸ,
363 1102 468 1178 οὔτοι
486 1130 552 1196 μιν
568 1101 628 1175 σοι’
645 1129 687 1174 τε
704 1093 998 1194 συγκοιμώμενον
1017 1100 1078 1174 καὶ
1098 1094 1147 1174 ro*
1171 1106 1277 1199 Πιρ-

173 1212 261 1284 οέων
277 1202 409 1306 κράτος
429 1208 560 1295 ἔχοντα
581 1209 638 1278 δεῖ
651 1203 828 1299 χαίροντα
846 1196 1101 1276 απαλλολοσειν.
1151 1204 1274 1296 Nuper
1294 1227 1297 1235 ’

172 1312 347 1382 editum'
313 1339 345 1383 aa
362 1332 403 1378 ex
425 1310 637 1394 coniectura,
663 1329 765 1397 quam
784 1328 997 1396 nequaquam
1011 1307 1134 1398 probo.
1186 1308 1277 1375 Nam

172 1416 232 1485 etsi
258 1415 316 1482 hio
341 1409 417 1480 et
395 1438 438 1500 ην
461 1404 515 1506 μή
538 1405 611 1506 ᾔει
631 1412 666 1481 εἰ
682 1436 733 1504 μη
752 1410 830 1482 ἔστι
851 1408 918 1475 dici
939 1410 1065 1499 potuit,
1101 1418 1214 1478 tamen
1231 1433 1276 1479 ne

171 1518 216 1613 ἢν
233 1511 286 1612 μή
301 1516 378 1589 ἔστι
399 1513 536 1602 quidem
550 1512 673 1580 idonea
690 1511 818 1580 ratione
832 1533 948 1579 carere
960 1520 1056 1603 puto.
1109 1513 1167 1581 Sic
1187 1514 1277 1582 enim

171 1619 265 1709 loqui
284 1616 416 1685 videtur
433 1613 575 1697 onnes,
602 1624 728 1683 utnon
747 1622 851 1707 neget
874 1615 1029 1704 quidem,
1058 1636 1161 1706 posse
1181 1617 1277 1685 illum

134 1791 136 1795 ,
172 1722 255 1812 Cyri
268 1721 374 1789 filium
389 1741 480 1805 esse,
506 1741 574 1808 quo
593 1718 663 1786 fine
683 1718 848 1808 particula
863 1740 935 1785 rem
955 1717 1126 1785 fortuitam
1144 1719 1277 1811 signifi·

172 1824 393 1919 contenitur,
420 1821 481 1890 sed
495 1821 619 1889 indicet
633 1829 755 1907 tamen,
781 1844 818 1889 se
835 1829 927 1889 certo
943 1820 1092 1910 credere,
1118 1844 1187 1889 non
1202 1845 1277 1891 esse

148 1975 151 1981 ,
172 1951 249 1997 eum
266 1926 348 2017 Gyri
364 1913 479 2012 lilium,
505 1923 600 2015 qnod
616 1923 770 2016 exprimit
782 1924 961 1992 indicativo
976 1924 1143 1998 adiuncto.
1192 1923 1277 1993 Ma·

171 2032 224 2123 gis
238 2029 274 2097 id
290 2030 454 2114 eluceret,
480 2027 509 2116 si
524 2028 571 2095 sic
585 2025 786 2097 dixissetz*
763 2054 807 2122 ην
822 2053 891 2124 γαρ
916 2021 961 2123 δή
976 2020 1030 2124 μή
1051 2022 1074 2122 ᾗ
1098 2054 1118 2099 ο
1110 2021 1275 2124 Κύρου

171 2134 347 2227 Σμερδις,
374 2125 497 2205 ἀλλ”
475 2157 554 2204 εστι
576 2123 643 2202 τόν
660 2131 907 2202 καταδοκιΗω
889 2124 975 2222 ενολ·
1001 2138 1039 2197 nt
1058 2130 1174 2220 paullo
1195 2140 1276 2222 post

171 2237 206 2304 in
225 2235 348 2304 eodem
370 2233 479 2324 capite
497 2232 660 2324 scriptum
673 2242 742 2301 est·
768 2230 813 2327 ἢν
834 2224 904 2328 reip
922 2225 967 2328 δη
983 2225 1036 2325 μή
1049 2225 1208 2328 τογχαλνη
1224 2228 1276 2307 vd

171 2333 360 2426 ὅιαέχων,
377 2333 599 2425 ἐπίλαμπτος
613 2332 694 2407 δὲ’
670 2329 885 2430 αφιλσσοοσα
897 2334 1012 2424 ἔσται,
1024 2361 1063 2408 ιο
1051 2327 1259 2408 εἰδέναι
1229 2362 1276 2418 ως

171 2433 342 2524 dissoluat
359 2462 435 2528 μιν.
463 2437 542 2521 Quo
552 2437 629 2506 loco
640 2437 732 2527 quod
745 2447 812 2505 tres
822 2436 922 2508 codd.
936 2436 1122 2522 habent'
1086 2463 1119 2510 ιι
1133 2431 1275 2530 τονχὸ-

171 2568 238 2627 νει,
259 2540 395 2607 minime
409 2539 636 2628 praetulerim.
670 2541 759 2607 Nam
775 2549 825 2608 est
840 2539 1005 2628 quidem
995 2563 1031 2608 m
1044 2540 1102 2607 illo
1115 2539 1274 2610 liberiore

149 2729 155 2742 ,
170 2643 417 2711 modorumusu
427 2642 632 2734 negligentia
641 2642 818 2732 quaedam,
841 2641 902 2710 sed
912 2643 1079 2711 laudanda
1092 2642 1149 2709 illa
1161 2644 1275 2735 potins

171 2769 272 2836 quam
281 2745 513 2837 vituperanda,
535 2747 688 2833 quianon
701 2746 861 2814 inscitiam
873 2745 1002 2814 fontem
1014 2746 1129 2832 habet,
1143 2746 1205 2814 sed
1213 2747 1274 2814 in-

169 2849 387 2942 telligentiam
406 2849 474 2916 veri
490 2849 636 2940 aptique.
689 2848 888 2941 Comparari
907 2846 1021 2941 pot'est
1043 2848 1194 2940 Theagis
1216 2850 1274 2918 lo-·

170 2975 229 3020 cus
243 2952 336 3043 apud
349 2951 567 3024 Stobaeoml.
576 2949 637 3023 (li.
655 2952 713 3039 qni
721 2953 755 3018 in
763 2952 905 3043 vulgatis
914 2951 992 3024 edd.
1003 2951 1054 3020 bis
1062 2952 1206 3043 scriptus
1215 2952 1273 3020 in-

170 3056 299 3123 venitur
312 3077 348 3145 p
367 3051 403 3124 8.
418 3063 452 3121 et
468 3052 528 3126 lo.
549 3054 701 3122 notabilis
716 3055 815 3122 etiam
835 3063 978 3146 propter
993 3055 1137 3122 formam
1151 3051 1273 3144 ὅκκαν,

171 3180 273 3245 quam
288 3178 329 3224 ex
344 3155 420 3227 cod.
436 3155 479 3227 A.
496 3178 562 3247 pro
577 3153 644 3228 ὅκα
628 3157 786 3281 recepit
806 3156 1067 3249 Gaisfordiusp.
1085 3153 1183 3230 31.
1161 3184 1273 3232 οκκαιι

171 3255 236 3331 οὖν
253 3262 286 3338 ἐς
300 3285 343 3330 το
355 3256 393 3330 ἓν
407 3251 457 3330 τολ
472 3257 557 3355 τρία
571 3259 690 3332 ταῦτα
703 3253 812 3356 μὸλη,
826 3259 916 3351 μίαν
932 3253 1168 3352 ἑπιδιξὸμενα
1186 3285 1271 3332 ουν·

170 3352 350 3456 αρμογολν,
363 3353 452 3432 τὸκα
463 3359 545 3434 δι’
507 3389 646 3454 μνιτοι
655 3358 769 3482 ripere
762 3356 1054 3454 καὶὸμολογία’
1036 3388 1075 3435 εν
1088 3362 1139 3458 τὸ
1151 3360 1270 3457 ψοχὸ·

170 3460 331 3536 ὅκκανδὲ
341 3460 577 3549 οτασιαζοντα
585 3490 642 3536 και
650 3491 701 3536 απ
708 3435 1142 3552 οἷλλὸλωνοῖπέσπαοται,
1157 3458 1270 3536 τὸιικα

170 3564 260 3638 δὲ’
216 3591 380 3684 νινεταιο
383 3563 488 3636 κακία
504 3565 565 3636 καὶ
578 3561 808 3659 ἀναρμοστία
823 3569 862 3639 ἐν
878 3568 929 3660 τᾷ
941 3567 1053 3661 ψυχᾷ.
1100 3567 1193 3636 Nam
1207 3567 1269 3635 etsi

170 3668 254 3757 quis,
279 3666 438 3758 quoniam
455 3667 531 3740 cod.
546 3663 641 3740 A.
617 3664 851 3741 andennense
864 3669 979 3758 habet,
1005 3669 1171 3737 conlisere
1185 3691 1269 3761 pos-

169 3770 211 3836 sit
234 3766 444 3842 ἀποσπᾶται
465 3770 677 3839 scribendum
702 3792 793 3856 esse,
823 3779 955 3858 tamen,
987 3771 1117 3861 siquid
1138 3781 1270 3840 mutan·

170 3870 269 3958 dum,
294 3872 403 3965 aptius
419 3874 507 3963 foret
528 3865 765 3960 οἱπὸσπαοτα,
792 3875 913 3942 omisso
932 3875 1056 3961 verbo,
1078 3883 1116 3942 nt
1135 3875 1268 3967 saepius

172 3974 209 4041 in
223 3974 344 4042 eodem
362 3976 552 4066 fragmento
572 3977 668 4048 infra.
720 3975 944 4046 Sed‘del'endi
968 3985 1080 4070 potest
1104 3974 1268 4052 οἷπέοπα·

170 4103 274 4162 σται,
300 4087 491 4146 nontamen
505 4087 543 4146 ut
557 4100 598 4146 ex
620 4075 727 4162 ὅκκα,
754 4078 814 4146 sed
829 4087 867 4147 ut
891 4103 933 4149 ex
955 4079 1036 4164 ὅτε,
1070 4081 1165 4169 quod
1186 4081 1269 4148 latet

168 4179 202 4247 in
216 4176 302 4252 ὅκκα
314 4179 472 4270 pendeat.
523 4179 617 4249 Istud
633 4177 741 4268 ὅκκα,
766 4179 853 4250 haee
865 4185 952 4252 enim
965 4183 1109 4278 genuina
1123 4183 1270 4275 seriptu-

64 4330 67 4335 -
168 4305 207 4350 ra
221 4291 286 4374 est,
311 4304 416 4374 quum
431 4283 621 4376 saepissime
640 4283 749 4353 inista
770 4284 921 4381 Theagis
943 4286 1194 4375 dissertatione,
1219 4286 1267 4358 uti
1323 4340 1334 4353 .
