2918 4890
511 282 513 287 ’
563 294 648 354 LlB.
670 295 695 357 l.
742 293 838 355 CAP.
862 299 893 359 9.
1236 302 1279 365 48

168 486 366 578 Stephanus
380 487 415 553 in
430 483 523 558 Sent.
541 482 640 558 Com.
654 506 692 574 p.
706 482 793 557 408.
810 494 844 552 et
857 483 1034 552 Dobraeus
1049 487 1093 556 ud
1105 486 1276 580 Aristoph.

168 615 206 683 p.
235 589 347 680 (11⁰)
373 583 469 661 ιιατοί
493 580 610 660 πολλοί
635 584 674 678 γ’
696 587 936 675 emendarunt,
969 611 1092 678 pamm
1115 591 1279 683 probabi-

168 696 258 766 liter.
309 690 424 758 Multo
454 691 662 758 verisimilius
689 701 760 774 est,
803 689 896 780 quod
929 691 1098 760 Porsonus
1127 694 1277 780 coniecit,

169 787 267 868 ιιατοί
289 787 398 866 πόλλΙ
431 789 497 889 ἄρ’
520 793 629 865 ἐστίν.
679 791 769 860 Mihi
796 803 908 861 tamen
939 796 1121 884 genuinum
1147 796 1279 864 videtur

169 924 266 969 τατα
257 889 436 982 πολλόν,
461 919 482 962 a
499 894 650 964 Stobaeo
666 905 777 964 autem
790 896 981 988 profectum
996 897 1104 970 ἐστίν.
1138 898 1179 966 ln
1196 898 1275 967 Pla-

169 1000 257 1068 tonis
280 999 384 1090 Apol.
406 998 504 1070 Socr.
527 1021 566 1091 p.
589 998 652 1072 41.
670 998 713 1071 Β
735 999 785 1066 uti
803 998 883 1067 editi
900 998 1045 1084 habent,
1071 1026 1130 1072 ιιαι
1122 994 1195 1096 δή
1219 1000 1280 1073 ιιαί

170 1130 215 1174 το
209 1096 422 1195 μέγιστον,
449 1126 534 1180 τους
552 1104 623 1174 iuss
612 1095 854 1228 ἐξετάζοντα
870 1098 930 1172 ναί
945 1102 1147 1193 ἐρευνῶντα
1165 1101 1278 1232 uicusp
1289 1115 1303 1135 '·

170 1197 257 1284 roric
284 1203 448 1277 ἐνταῦθα
470 1195 629 1328 διόγιιν,
663 1203 717 1283 τίς
738 1200 859 1275 αὐτόν
880 1196 995 1298 ’σοφός
1016 1207 1113 1290 ἔστι,
1144 1204 1203 1276 ναί
1224 1202 1279 1285 τίς

172 1309 293 1378 οἴεται
308 1306 450 1397 μίν,
429 1331 507 1378 εστι
523 1301 560 1375 δ
575 1304 635 1379 οὔ
662 1307 803 1374 membr.
822 1305 922 1373 Bodl
940 1314 975 1373 et
994 1307 1142 1395 quinque
1161 1307 1206 1375 de
1222 1329 1278 1375 se-

171 1409 285 1476 decim
305 1407 405 1475 codd.
420 1406 586 1494 Bekkeri,
611 1417 758 1498 octoque
779 1408 896 1500 optimi
914 1408 1007 1498 apud
1023 1408 1279 1477 Stallbauminm

169 1511 339 1605 praebent
359 1509 414 1590 τίς
430 1509 476 1583 ἄν
495 1505 616 1583 adroic
637 1505 749 1606 σοφός
769 1515 857 1584 ἐστι.
910 1510 979 1594 Qui
998 1512 1093 1578 locus
1116 1521 1167 1579 est
1188 1512 1278 1579 eius-

170 1614 284 1699 modi,
315 1623 371 1700 nt‚
396 1613 425 1681 si
447 1613 581 1682 aliunde
602 1615 679 1683 satis
701 1606 829 1682 firmari
851 1615 960 1705 possit
978 1612 1040 1681 ista
1064 1615 1278 1700 constructio,

171 1717 368 1785 adsensum
382 1717 609 1786 venustissime
623 1717 738 1785 addita
749 1716 901 1784 videatur
916 1716 1101 1810 particula,
1127 1716 1278 1786 subindi-

172 1843 253 1888 cans
275 1819 434 1912 singulari
456 1841 535 1887 casu
556 1821 646 1907 lieri,
677 1831 715 1887 ut
734 1821 807 1909 quis
830 1842 911 1887 vere
933 1820 1065 1912 sapiens
1084 1821 1277 1887 inveniatur.

172 1923 236 1991 Est
250 1923 340 1993 euim
352 1921 405 2002 τίς
417 1919 463 1993 ἄν
479 1921 663 2016 pulsum,
678 1923 774 1990 nobis
788 1931 992 1990 meretum:
1013 1923 1151 2011 eiusque
1162 1944 1278 1991 exem-

172 2027 233 2118 pla
249 2026 350 2096 etiam
365 2047 442 2093 cum
458 2024 571 2094 futuro
584 2025 687 2101 iuncti
700 2025 851 2094 vidimus.
903 2023 950 2091 Et
969 2023 1156 2093 concedere
1170 2024 1279 2093 debe-

172 2130 277 2212 bunt,
309 2125 363 2207 τίς
382 2124 428 2198 ἄν
451 2149 529 2194 cum
546 2129 730 2197 indicativis
750 2127 900 2195 omnium
921 2136 1113 2218 tempomm
1133 2127 1280 2194 construi

173 2250 309 2326 posse,·
322 2231 418 2319 siqui
440 2231 627 2301 Sclraefero
642 2231 877 2315 assentiuntur,
904 2229 962 2317 qui
976 2223 1060 2317 πόχ’
1078 2227 1123 2300 οίν
1144 2229 1190 2296 ita
1212 2228 1280 2295 dici

173 2343 288 2427 putat.
308 2343 345 2400 ut
361 2331 407 2403 οίν
427 2332 473 2400 ad
490 2329 584 2424 τοίχα
596 2336 773 2427 pertineat,
798 2354 909 2420 neque
929 2330 975 2398 ad
993 2332 1135 2399 verbum
1149 2331 1280 2398 refera-

173 2449 238 2505 tur.
290 2437 357 2504 Par
371 2435 460 2503 eninr
474 2458 590 2505 caussa
607 2447 667 2506 est.
720 2437 808 2504 Nam
824 2436 931 2502 latet
922 2458 955 2502 m
971 2432 1081 2502 isto
1056 2461 1102 2523 αν
1114 2435 1188 2502 talis
1202 2455 1280 2502 sen-

175 2541 297 2626 tentia,
322 2535 377 2617 τίς
400 2536 446 2609 δν
463 2539 516 2636 εἴη
543 2537 590 2622 ὅς.
642 2537 785 2608 Videtur
804 2547 918 2606 autem
938 2536 1044 2605 valde
1057 2519 1193 2629 placere
1217 2536 1280 2604 sibi

176 2666 218 2711 ea
229 2644 265 2709 in
277 2665 315 2710 re
323 2639 537 2731 Schaeferus,
557 2665 614 2732 qm
603 2641 668 2709 de
681 2634 802 2710 illo'
753 2669 824 2730 ταχ
856 2640 901 2713 οίν
912 2660 980 2707 ιιοιι
995 2641 1103 2708 solum
1118 2639 1163 2706 ad
1171 2638 1279 2729 Greg

177 2745 259 2814 Cor.
278 2767 314 2836 p.
332 2741 393 2811 44.
420 2742 482 2811 sed
505 2745 639 2836 saepius
661 2744 707 2812 ad
730 2742 938 2834 Sophoclem
958 2743 1142 2829 monuerit,
1175 2751 1213 2808 ut
1234 2740 1280 2807 ad

177 2847 268 2939 Oed.
288 2848 333 2920 R.
357 2828 445 2918 523.
468 2845 513 2913 ad
538 2846 626 2916 Oed.
650 2846 724 2916 Col.
740 2841 826 2916 965.
842 2854 876 2912 et
896 2841 1005 2911 1⁰76.
1019 2845 1073 2911 ot
1064 2867 1098 2910 ιιι
1116 2841 1279 2910 addendis

175 2950 221 3017 ad
239 2947 329 3021 Oed.
346 2948 391 3020 R.
415 2947 502 3021 139.
515 2970 518 2975 ·
529 2950 661 3018 Vellem
677 2971 758 3017 vero
779 2948 1041 3016 demonstrasset
1054 2947 1105 3012 vir
1125 2945 1280 3012 doctissi-

146 3048 148 3052 ’
176 3077 262 3125 rnus.
314 3053 403 3120 Nam
420 3074 461 3119 ex
481 3052 549 3120 istis
567 3053 747 3143 exemplis,
774 3052 894 3140 quibus
913 3051 1033 3134 utitur,
1059 3072 1101 3115 nc
1124 3049 1181 3114 illa
1202 3047 1280 3136 q‘ui-

176 3157 257 3224 dem
272 3155 360 3236 duo,
385 3176 473 3244 quae
488 3177 530 3222 ex
546 3154 692 3222 Platonis
709 3154 868 3221 Phaedro
880 3154 1003 3239 attulit,
1030 3173 1103 3218 rem
1120 3172 1281 3241 compro·
1284 3199 1286 3203 ι

176 3260 279 3327 bant·
321 3255 451 3323 Eorum
471 3258 564 3350 prius
582 3266 687 3349 estp.
712 3254 796 3324 256.
819 3255 861 3324 B
882 3254 921 3324 Ο
949 3249 1014 3327 ἐαν
1038 3253 1076 3326 δι’
1093 3246 1137 3346 δὴ
1159 3252 1280 3346 διαίτη

178 3360 430 3480 φορτικωτίρᾳ
450 3386 492 3432 τι
515 3358 574 3431 ιιαί
600 3352 834 3454 οἱφιλοσόφῳ,
865 3355 1046 3451 φιλοτίμῳ
1062 3355 1100 3427 dl
1121 3347 1280 3473 χρήσοιν-
1300 3442 1304 3448 1

176 3490 257 3550 τοι,
282 3455 369 3549 τοίχ
382 3457 427 3532 oio
442 3487 513 3533 που
528 3467 566 3534 ἐν
579 3459 750 3555 μέθαιςῆ
763 3486 839 3532 τινι
857 3457 944 3579 ἄλλῃ
960 3454 1109 3552 α’μιλείᾳ
1125 3449 1179 3528 τοί
1194 3450 1281 3525 οἷκο-

177 3557 298 3637 λόστοι
322 3557 451 3635 αότοΐν
468 3561 642 3656 όποζιιγίοι
664 3557 820 3655 λαβόντι
840 3554 904 3640 τας
926 3553 1043 3655 ψυχαῖς
1060 3550 1280 3654 όφροόρους,

179 3657 424 3757 συναγαγόντι
443 3693 492 3746 εις
505 3659 655 3752 ταύτόν,
679 3659 748 3762 τήν
762 3657 835 3736 ὑπό
857 3663 931 3736 τοῖν
952 3661 1092 3735 πολλῶν
1117 3683 1281 3752 μακαρι-

179 3794 269 3862 στην
291 3773 431 3862 αἵρεσιν
453 3769 589 3885 εἱλίτην
610 3795 653 3839 τε
672 3795 730 3839 ιιαι
724 3758 1012 3862 διεπράξαντο,
1037 3789 1096 3833 ιιαι
1088 3760 1282 3855 διαπρα-

179 3871 318 3960 ξαμίνω
333 3863 508 3941 τολοιπόν
523 3868 589 3966 ἤδη
607 3871 765 3964 χρῶνται
780 3869 849 3960 μίν
862 3863 968 3962 αὐτῇ,
991 3862 1125 3957 οπανίᾳ
1135 3859 1241 3951 δι’,
1216 3890 1282 3934 ατι

180 3968 225 4044 οὐ
242 3964 339 4066 πόσῃ
356 3972 553 4063 δεδογμένα
574 4000 618 4066 τη
606 3971 779 4066 διανοίᾳ
792 3963 1282 4091 πρόττοντις.Α11οιιιιιι1ιοι

179 4084 248 4160 cst,
281 4096 319 4163 p.
351 4068 438 4156 265.
460 4073 504 4146 Β
530 4074 593 4169 τῆς
612 4076 651 4148 δι’
673 4045 980 4166 θιίαςτιττοίρων
1002 4068 1098 4141 θεοῖν
1121 4069 1283 4160 τέτταρα

179 4179 273 4273 μέρη
299 4167 525 4267 διελόμενοι,
550 4170 730 4274 μαντικήν
751 4176 819 4268 μίν
842 4170 1032 4246 ἐπίπνοιαν
1055 4163 1283 4246 ’Λπόλλωνος

181 4281 308 4360 terrac
317 4331 332 4367 ,
359 4271 546 4353 Διονύσου
569 4279 607 4352 δι1
624 4272 849 4374 triectensis,
877 4270 1091 4355 Μουσωνδ
1113 4268 1160 4345 αὖ
1173 4296 1282 4368 ποιη-
