2918 4890
426 253 717 353 'memoratum
742 289 855 351 crura
875 292 1032 361 aarum.
1220 300 1284 364 aaa
1319 313 1322 319 =

179 506 306 554 senon
329 481 472 574 amplius
493 481 653 548 adversus
677 502 733 547 me
756 480 959 572 scripturum
989 506 1061 552 esse
1086 485 1279 561 affirmaret.

179 589 260 673 Quo
276 587 448 656 coufessus
462 595 513 653 est
526 582 733 670 iniustitiam,
756 606 823 671 qua
836 595 872 652 et
884 585 1000 654 fuisset
1019 610 1125 678 usque
1144 591 1280 660 adeum

179 691 268 763 diem
288 687 588 783 reprehendendo,
615 696 650 755 et
664 685 794 754 futurus
811 699 981 767 essetnon
997 692 1280 782 reprehendendo

177 793 339 887 posthac:
372 805 448 861 nam
478 813 608 881 neque,
642 789 757 857 sinon
786 813 951 878 mererer,
982 795 1146 887 stringere
1167 798 1202 864 in
1224 821 1280 866 me

178 898 246 965 tela
269 921 329 965 sua
339 896 513 1016 debebat,
540 893 618 984 quia
645 891 788 975 odisset3
814 917 943 984 neque,
971 897 998 964 si
1022 920 1185 986 mererer,
1211 923 1281 968 uon

177 1003 362 1093 stringere,
392 999 471 1088 quia
494 998 582 1065 bene
602 1020 633 1064 er
623 995 781 1063 vellem.
833 997 949 1065 Dus·
928 1021 985 1082 us,
1012 1002 1070 1089 qui
1093 1002 1177 1070 illud
1197 1004 1280 1072 mihi

177 1105 374 1187 narrabant,
400 1125 468 1170 non
491 1111 698 1169 cessaturum
720 1090 941 1170 maledicere.
968 1125 1035 1169 non
1056 1127 1157 1195 posse
1180 1108 1279 1179 euim.

176 1207 222 1274 Et
236 1208 394 1297 profecto
418 1207 526 1272 factus
542 1212 593 1271 est
609 1201 709 1298 etiam
729 1203 890 1271 acerbior.
946 1203 1038 1274 Olim
1059 1209 1148 1275 enim
1162 1231 1279 1302 eorum

160 1331 264 1397 ¹quae
283 1333 304 1376 a
324 1332 380 1376 me
401 1309 528 1398 scripta
556 1292 651 1373 erant
671 1303 735 1370 alia
754 1325 824 1370 non
844 1305 1079 1396 improbabat,
1114 1311 1178 1378 alia
1193 1335 1279 1402 pro-

175 1412 296 1498 babat,
323 1411 388 1478 alia
409 1409 510 1505 etiarn
531 1405 742 1476 laudabatt‘
733 1428 768 1472 ιιι
784 1406 822 1474 iis
848 1429 947 1491 vero,
974 1432 1062 1497 quae
1086 1413 1225 1503 scripsit
1234 1413 1280 1480 ad

174 1513 439 1582 Demosthenem
467 1520 501 1580 et
525 1507 761 1590 Plutarchum,
787 1509 911 1600 probat
932 1511 1030 1594 nihil,
1060 1514 1280 1604 reprehendit

63 1702 65 1706 ι
175 1617 305 1700 omnia,
331 1617 446 1684 tribuit
458 1637 546 1703 quae
558 1636 627 1681 nou
644 1619 759 1703 potest
775 1611 1026 1703 reprehendere
1045 1616 1106 1684 sibi
1121 1619 1175 1685 vel
1197 1619 1280 1700 aliis,

87 1807 88 1810 Ἴ
174 1720 341 1812 vituperat
370 1719 558 1786 universam
585 1716 748 1784 rationem
770 1714 985 1804 studiorum,
1004 1721 1151 1787 mouet
1141 1743 1278 1790 iuvenes

174 1823 289 1890 litteris
307 1845 448 1914 operam
470 1815 587 1888 dantes
610 1841 654 1886 ne
676 1815 814 1885 audiant
833 1841 908 1905 me,
936 1819 1028 1888 cuius
1044 1822 1080 1888 in
1099 1823 1181 1891 ludo
1196 1824 1278 1893 nihil

173 1926 234 1993 uisi
248 1947 348 2011 vana,
368 1926 498 2017 inepta,
524 1921 835 2015 pravadiscantur,
862 1921 1023 2011 quodque
1039 1927 1187 1994 omnium
1202 1951 1277 1996 ma-

172 2028 261 2096 xime
274 2029 396 2096 mirum
413 2037 483 2116 est,
509 2026 560 2094 his
575 2025 676 2093 rebus
694 2045 730 2090 se
746 2023 827 2090 boni
847 2025 907 2091 viri
922 2025 1038 2092 officio
1057 2027 1154 2121 fungi
1170 2040 1275 2121 putat

109 2167 115 2178 ·
172 2131 256 2198 Mea
270 2131 408 2220 quidem
425 2129 589 2199 sententia
610 2125 732 2195 rectius
757 2135 791 2194 et
810 2127 927 2195 saltem
944 2127 1115 2198 honestius
1131 2132 1276 2220 fecisset,

173 2236 199 2302 si
217 2235 420 2324 perrexisset
441 2233 600 2300 lectiones
616 2228 835 2298 Academicus
858 2225 1005 2315 habere,
1032 2232 1224 2324 litterasque
1243 2247 1278 2305 et

172 2337 410 2404 humanitatem
432 2335 558 2403 docens
582 2333 673 2401 huno
690 2331 807 2399 ludum
831 2355 943 2400 meum
968 2335 1103 2404 condita
1127 2339 1303 2411 melioris5

173 2440 320 2530 exempli
349 2439 468 2508 schola
495 2439 707 2506 obscurasset
736 2443 838 2522 atque
870 2437 1038 2504 oblivione
1067 2441 1273 2532 obduxisset,

172 2565 276 2633 quum
305 2543 503 2634 praesertim
528 2541 628 2608 etiam
654 2538 843 2606 doctrinam
871 2539 1065 2627 metricam,
1101 2554 1136 2611 ut
1159 2540 1274 2630 fertur,

170 2646 317 2737 hydram
338 2647 436 2714 istam
460 2646 667 2721 Lernaeam,
700 2663 787 2730 quae
814 2641 858 2708 ab
877 2641 1079 2712 Herculibus
1107 2657 1140 2713 et
1161 2649 1275 2715 Hera-

171 2750 278 2817 cliscis
296 2749 407 2816 occisa
422 2747 572 2816 nondum
591 2746 706 2837 periit,
733 2744 920 2812 decreverit
938 2748 1158 2838 exstinguere.
1203 2753 1273 2819 Sed

170 2876 239 2921 non
256 2853 352 2921 satist
374 2874 554 2944 aggressus
577 2858 628 2917 est
645 2849 744 2917 etiam
760 2848 917 2936 animum,
936 2848 1203 2926 obtrectatorem
1220 2878 1274 2925 me

171 2955 514 3044 calumniatoremque
543 2975 688 3038 vocans,
728 2949 873 3040 denique
905 2949 984 3018 nihil
1012 2975 1080 3020 non
1108 2957 1186 3024 mali
1213 2980 1273 3026 ex-

169 3060 346 3150 probrans.

272 3197 470 3297 Petcioas,
490 3216 687 3302 protervo,
711 3202 894 3285 iracundo
920 3203 1060 3292 animo,
1086 3208 1271 3300 inducito,

770 3305 992 3398 incogituto,

273 3411 363 3484 Sine
390 3411 501 3507 modo
535 3418 572 3530 et
603 3407 786 3477 modestia
819 3430 917 3492 sum,
958 3409 1036 3479 sine
1070 3408 1206 3481 bono
1192 3395 1272 3484 ture
1375 3489 1379 3498 ,

772 3518 883 3603 utque
902 3511 1055 3601 bonore,

169 3627 171 3631 “
273 3588 571 3700 Incredibilis,
557 3634 747 3709 imposque
770 3615 898 3703 animi,
929 3613 1155 3703 inamabilis,
1189 3618 1269 3688 illc—

762 3717 879 3810 pitius
902 3718 1001 3806 vivo,

273 3817 555 3890 Moleooleute
541 3817 688 3911 tagenio
710 3828 832 3892 notua.

168 3972 241 4043 Sed
259 3973 387 4045 etiamsi
401 3963 533 4040 ethaeo
547 3979 582 4039 et
602 3994 690 4062 quae
704 3974 835 4062 reliqua
851 3970 899 4058 de
917 3970 1024 4038 seille
1042 3971 1151 4040 Plauti
1165 3971 1268 4043 Mne-

132 4076 134 4080 ’
168 4076 313 4145 silochus
326 4074 515 4174 praedicat,
540 4074 575 4141 iu
588 4097 644 4143 me
662 4086 821 4168 expetere
842 4073 1013 4159 crederet,
1045 4084 1164 4161 tamen,
1179 4101 1265 4145 con-

168 4180 284 4249 sultius
305 4189 392 4265 erat,
425 4179 565 4271 opinor,
594 4179 720 4268 aliquid
742 4181 860 4249 saltem
879 4176 962 4245 mihi
976 4185 1017 4244 vet
1039 4179 1109 4245 veri
1130 4188 1164 4247 et
1184 4181 1264 4248 boni
1305 4249 1306 4252 ,

167 4283 374 4375 relinquere,
400 4304 444 4351 ne
459 4305 496 4351 se
513 4281 590 4374 ipse
611 4282 722 4353 iudicii
737 4283 831 4352 haud
846 4304 924 4352 sane
939 4282 1124 4374 incorrupti
1137 4305 1262 4375 suspe-
