2918 4890
139 372 142 379 Ι
206 286 273 370 ιη
554 268 628 348 'nii
648 278 945 387 incuibimus

207 472 254 550 ad
279 495 355 545 eim
383 470 619 565 explicandam
645 473 819 566 potuerint
843 469 1038 541 nobilissimi
1069 467 1311 545 moshenriici

209 576 312 650 cere
326 575 364 645 id
380 575 504 645 fsmtrn
518 577 632 646 οοιιιιί
645 585 721 646 sunt
731 584 770 645 et
780 574 868 646 Chr.
882 575 1046 659 Leistini,
1073 574 1167 642 osius
1182 573 1312 643 disser—

207 681 370 775 tationem
389 678 484 748 dedit
507 678 700 772 Iessingius
724 701 762 771 p.
791 677 879 747 438.
907 701 1003 768 seqq.
1030 686 1065 745 et
1091 678 1120 746 l.
1142 677 1312 747 suevius.

209 783 390 855 Gsnsein
411 781 565 873 quidem,
597 782 794 878 primulum
816 783 854 850 in
875 780 929 850 his
950 780 1064 848 litteris
1086 781 1213 868 uirum,
1239 781 1312 849 sol·

206 886 294 956 visse
317 895 426 955 totum
443 887 625 977 problema
644 887 691 955 sb
715 885 837 956 eodem
858 885 917 953 illo
943 883 1153 953 Mollweidio
1172 883 1313 976 aceepit

207 989 421 1079 edissemqne
435 989 543 1057 virum
559 989 826 1075 celeberrimum,
849 997 888 1056 ut
902 1009 978 1057 enin
990 987 1154 1057 rationem
1165 987 1222 1055 vel
1234 1009 1309 1055 me·

208 1115 286 1163 euin
307 1093 591 1180 communicaret,
622 1093 678 1160 vel
700 1092 839 1185 publice
862 1089 997 1177 ederet,
1025 1091 1087 1158 nisi
1111 1112 1313 1182 persuasum

107 1250 112 1263 ,
206 1194 387 1283 haberem,
413 1218 483 1264 non
502 1218 577 1264 eam
594 1195 717 1264 iustam
734 1195 932 1263 solutionem
948 1215 1031 1262 esse.
1085 1193 1202 1278 Quum
1219 1193 1313 1279 enlm

206 1299 281 1386 ille,
315 1308 353 1366 ut
372 1298 543 1369 referebat
562 1297 811 1382 Molliveidins,
842 1298 1023 1390 problema
1044 1296 1146 1381 illud,
1176 1297 1241 1384 sie,
1272 1304 1315 1364 iit

208 1410 242 1473 et
256 1425 277 1470 a
290 1401 471 1470 scholiasta
489 1411 525 1470 et
545 1425 566 1470 a
587 1401 728 1471 caeteris
752 1401 991 1494 imerpretibiis
1011 1400 1227 1468 constitutum
1248 1407 1313 1487 est,

206 1504 416 1591 intellexerit,
441 1504 515 1572 fieri
531 1527 600 1572 non
612 1513 743 1595 potest,
767 1505 868 1594 quin,
894 1505 920 1572 si
940 1503 1026 1572 lalsa
1042 1512 1093 1571 est
1108 1503 1313 1594 interpretu-

206 1607 254 1678 tio
273 1607 350 1690 illa,
376 1626 444 1675 non
464 1607 731 1678 Archimedenm
745 1607 829 1675 illud
850 1607 1048 1701 problema,
1069 1605 1136 1674 sed
1158 1605 1248 1674 uliud
1265 1606 1313 1673 ab

206 1711 266 1780 lllo
291 1709 460 1778 ‹livemmn
479 1710 624 1779 solverit
677 1710 783 1800 Atqui
810 1709 857 1778 itn
884 1731 974 1796 esse,
1000 1708 1120 1780 videor
1144 1708 1313 1776 miliide-
1357 1768 1358 1771 ,

206 1820 392 1884 monstrare
410 1836 532 1905 ροεεε·
553 1814 604 1882 ob
628 1835 773 1904 euinque
792 1827 944 1882 caussam
965 1811 1033 1880 bae
1052 1811 1222 1881 scribendi
1243 1833 1315 1903 op-

208 1916 433 2010 portunitnte
436 1917 602 1985 utendum
622 1917 756 2009 putavi,
786 1923 826 1984 iit
844 1915 1080 2003 ostenderem,
1112 1934 1203 2004 qnae
1226 1915 1314 1983 ratio

182 2014 307 2090 besses
320 2019 414 2088 illius
422 2008 651 2142 problematis
712 2022 765 2090 Ao
777 2019 937 2106 fortusse
962 2019 991 2088 si
1004 2019 1078 2109 quis
1094 2017 1315 2087 matbemati-

207 2143 266 2192 οπο
286 2121 394 2209 vium,
416 2144 489 2213 que
505 2124 541 2191 in
556 2120 624 2191 lion
640 2145 768 2216 genere
780 2131 925 2192 ususest
943 2121 1225 2207 Archimedes,
1215 2143 1313 2190 inve-

206 2225 397 2317 itigsverit,
427 2226 726 2318 comprobabitur,
756 2225 855 2316 qnod
884 2226 929 2294 de
947 2226 1007 2293 illo
1035 2225 1108 2293 viro
1135 2224 1315 2349 praedicnt

204 2327 429 2398 Plutarchus
418 2351 454 2396 in
474 2327 642 2450 ΜειρσΗο
666 2352 695 2396 ο.
713 2327 774 2402 1Ἰ.
802 2328 916 2424 §prmo
935 2328 982 2419 μέ
983 2353 1005 2400 ν
1022 2319 1094 2424 μοίρ
1111 2324 1176 2400 οόκ
1194 2325 1241 2400 σίν
1254 2350 1314 2409 ’τις

35 2474 69 2504 f·
206 2425 309 2524 εὕροι
324 2426 376 2502 δι
390 2427 508 2502 edroi
520 2424 593 2526 τήν
614 2422 866 2521 cinitone*
840 2457 918 2522 αμα
935 2431 1035 2533 δέ
987 2458 1033 2527 τη
1053 2422 1313 2528 μαθήσεισα-

104 2548 113 2559 ·
207 2529 380 2659 ρίσταται
400 2525 486 2614 δόξα
509 2532 580 2605 τοῦ
594 2531 662 2605 κείν
683 2526 800 2606 αότον
819 2528 950 2658 eripuis
982 2530 1079 2605 οὕτω
1100 2532 1202 2606 λείαν
1220 2526 1313 2606 όδόκ

208 2630 290 2722 ἄγει
311 2631 375 2705 καί
389 2639 540 2723 ταχεῖαν
565 2634 621 2710 έπί
640 2662 685 2709 ιο
677 2627 952 2728 δεικνύμενον.
1005 2634 1200 2704 Videndum
1227 2658 1312 2708 vem

206 2744 282 2804 ante
309 2737 421 2804 omnia
442 2747 533 2827 erat,
560 2738 642 2830 quid
660 2738 791 2807 diceret
811 2737 1053 2808 Archimedes.-
1079 2739 1196 2807 verbis
1219 2739 1313 2808 enim

205 2861 274 2907 non
292 2849 385 2907 reete
405 2841 582 2910 intellectis
606 2842 663 2933 qni
685 2852 800 2934 potest
821 2841 865 2910 de
885 2864 924 2911 re
944 2842 1055 2911 verbis
1068 2841 1136 2910 illis
1151 2861 1313 2934 eompre-

206 2941 311 3011 hensa
336 2951 429 3012 reete
451 2945 618 3014 iudicari?
656 2944 787 3013 illustre
809 2943 880 3012 boc
898 2966 1040 3037 qnoque
1067 2943 1313 3014 documentum

208 3051 270 3128 est,
295 3066 408 3113 rernm
423 3049 595 3116 scientiam
608 3070 651 3116 ex
662 3048 935 3139 interpretatione
950 3049 1134 3117 verberum
1145 3047 1312 3140 pendere.

205 3145 429 3238 Epigramma
444 3150 659 3219 emendatum
681 3150 772 3227 dare.
785 3151 893 3221 visum
913 3159 981 3243 est,
1007 3151 1145 3222 adiectis
1165 3150 1312 3221 adnom-

167 3304 174 3315 ,
205 3249 363 3324 tionibus

310 3399 466 3502 Πληθδν
491 3401 657 3480 Ἠελίοιο
680 3405 826 3502 βοοῖν,
831 3396 861 3478 (ό
883 3409 995 3494 ξεῖνε,
1020 3405 1223 3535 μέτρρσον,

361 3504 531 3600 φροντίδ
557 3503 773 3606 ἐπιστήσας,
801 3504 837 3582 εί
853 3509 1021 3603 μετέχεις
1039 3509 1184 3632 σοφίης,

308 3601 424 3706 πόσση
444 3605 506 3706 ἄρ
523 3637 561 3683 εν
577 3615 712 3692 πεδίοις
733 3611 886 3708 Σικελῆς
895 3605 973 3684 πότ
979 3605 1187 3704 ἐβόσκετο
1198 3602 1312 3710 νῆσοο

363 3711 574 3810 Θρινακίης,
599 3713 760 3810 τετραχῇ
779 3713 917 3844 κτέρεα
945 3708 1174 3836 δασσαμένρ,

258 3808 283 3880 5
307 3813 434 3912 χροίην
461 3811 713 3912 ἁλλοίσσοντα,
739 3805 790 3890 τό
819 3817 888 3909 μέν
909 3819 1054 3889 λευκοῖο
1079 3809 1269 3910 γάλακτος,

357 3920 497 4013 κυανέῳ
525 3908 611 3991 d'‘'
589 3947 715 4041 ετερον
737 3911 910 4040 χρόμαιι
936 3915 1192 4047 λαμπόμενον·

309 4013 397 4090 ἄλλο
413 4047 453 4145 με
469 4020 538 4113 μέν
547 4016 705 4105 Ιξανθόν
731 4049 776 4095 το
768 4015 839 4096 δὲ
855 4018 1073 4094 ποικίλον·
1056 4049 1094 4095 εν
1116 4022 1190 4096 δί’
1171 4015 1311 4120 εκόστρι

360 4119 483 4216 στίφει
509 4123 595 4196 έσαν
622 4125 753 4223 ταῦροι
777 4116 932 4223 πλήθεσι
958 4113 1206 4248 βριθόμενοι,

173 4275 175 4278 ψ
310 4223 530 4323 συμμετρίης
554 4227 697 4322 τοιῆσδε
722 4223 949 4319 τετευχότες
976 4219 1196 4326 α’ρμότριχας
1210 4227 1280 4323 μεν

163 3571 176 3618 ί
