2918 4890
166 319 210 383 „
507 308 564 374 nn
588 261 863 372 ninnicvr'i
885 304 932 373 οι

169 503 345 604 ὀρφανίας
361 506 437 582 τοῖς
457 498 581 574 παισῖν
601 501 722 574 αἴτιον
744 499 783 574 τῖ
794 495 880 573 ποτ’
901 496 947 572 οῖν
963 502 1041 594 ἐρεῖ
1058 496 1135 593 ἢτῖ
1148 501 1273 594 φθέγ-

169 619 289 698 ξεται,·
314 606 368 673 Ex
386 604 543 673 undecim
562 603 712 672 Bekkeri
739 603 840 673 codd.
859 625 942 672 nnus
962 612 1107 690 tantum,
1133 604 1230 691 isque
1253 626 1274 671 e

170 710 394 796 correctione,
421 703 544 801 ἀνερεῖ
551 761 565 794 ,
587 706 681 795 quod
701 729 768 774 non
787 715 961 796 receptum
984 705 1095 772 velim.
1147 705 1274 773 Dinar—

170 813 302 934 el6us1n
320 759 495 879 Derirosth.
515 802 550 901 §.
566 806 626 878 69.
641 832 678 900 p
695 808 756 877 49.
771 808 888 876 Reisk.
908 803 1038 928 666’*
1013 833 1079 895 αν,
1105 807 1275 898 τιθεῖμεν

168 909 239 1010 γύρ
271 913 408 991 ταύτα,
443 905 521 983 ἑοῖν
535 905 630 982 κατοῖ
652 905 698 984 τύ
728 905 901 1005 ψήφισμα
935 903 982 982 τύ
1010 909 1275 1029 Δημοσθένους

170 1013 311 1138 οῖπαιτιῖ
330 1015 475 1136 πέμψας
498 1010 592 1107 ἡμεῖς
612 1009 848 1105 Ἀλεξανδρος
868 1006 914 1084 τύ
929 1011 1110 1139 xpvoc'orae
1097 1004 1143 1083 τύ
1159 1037 1274 1103 κομι-

171 1119 261 1191 σῖὲν
276 1119 324 1196 εἰς
323 1108 418 1235 666
423 1109 541 1207 χώραν
560 1113 630 1186 ύπο
624 1109 876 1234 “Λρπύλοο,
878 1113 936 1184 καῖ
954 1108 1094 1207 πρύς
1057 1112 1110 1185 τοῖ
1122 1112 1274 1207 γεγενῆ-

171 1229 263 1340 σθαι
285 1211 352 1310 τήν
370 1216 433 1310 τῆς
451 1214 626 1312 606666'
603 1212 789 1310 απύιγασιν
807 1209 892 1296 τούς
906 1218 1035 1295 παῖδας
1051 1218 1273 1343 καταπέμψῃ

170 1315 259 1444 πρύς
280 1317 373 1414 ἡμεῖς
390 1313 473 1398 τούς
495 1319 558 1390 νύν
579 1317 623 1398 οῖς
649 1313 781 1391 ἑαυτόν
779 1315 1177 1440 ἀνακεκομισμένους,
1211 1317 1276 1389 καὶ

169 1418 311 1497 τούτων
336 1417 431 1500 α’ξιοῑ
455 1412 712 1546 πανθύγεσθαι
741 1415 808 1516 τήν
832 1414 1056 1514 ἀλήθειαν
1034 1419 1148 1511 σμοῖς,
1183 1412 1276 1512 πρός

169 1525 285 1609 θεοῖν,
312 1518 521 1614 οῖνοῖνδρες,
548 1520 588 1592 τῖ
615 1523 789 1647 ἐροῦμεν,Ι
821 1524 984 1589 isocrates
1016 1523 1127 1612 Euag.
1154 1545 1182 1588 e.
1209 1516 1272 1588 25.

169 1623 282 1721 §.80
305 1647 341 1715 p.
364 1621 448 1691 328.
474 1623 585 1715 Lnng
611 1623 693 1696 τίνα
716 1618 803 1752 666
810 1624 855 1695 οῖν
874 1619 1073 1746 εὑρήσομεν
1093 1623 1166 1696 τοῖν
1185 1617 1274 1694 τότε

169 1728 390 1833 γενομένων,
418 1727 452 1811 εἰ
455 1718 551 1845 ⁸6066
566 1720 708 1814 μύθους
728 1724 880 1818 ἀφέντες
901 1721 969 1850 666
993 1720 1198 1853 οῖλήθειαν
1189 1751 1275 1796 σκο-

170 1836 320 1920 ποῖμεν,
360 1827 516 1899 τοιαύτα
548 1827 943 1952 6tansnpaypevor‚
920 1856 941 1924 6
972 1828 1055 1901 τίνα
1086 1821 1274 1900 τοσούτων

170 1930 384 2025 μεταβολῶν
427 1934 464 2002 ἑν
499 1935 575 2008 τοῖς
606 1923 816 2023 πράγμασιν
856 1932 977 2003 αἴτιον
1016 1931 1273 2048 γεγενημένονς

171 2032 280 2102 codd.
298 2032 381 2104 Vrb.
399 2041 432 2100 et
445 2031 521 2101 vat.
538 2031 737 2098 omittunt
712 2059 767 2111 αν
796 2055 838 2100 ex
854 2033 1015 2100 sententia
1031 2033 1273 2124 grammatico-

170 2159 255 2205 rum.
306 2135 395 2220 lam‚
421 2157 543 2225 spero,
569 2136 661 2203 nolet
674 2135 841 2221 Suanos,
869 2135 961 2224 quod
977 2135 1147 2202 suaserat
1137 2158 1172 2202 m
1189 2156 1275 2224 pro-

170 2247 356 2332 grammate
383 2237 486 2306 XV.
478 2261 512 2304 in
540 2238 736 2329 fragmentis
763 2238 915 2328 Dionysii
938 2238 1045 2306 Helie.
1073 2239 1115 2304 ab
1137 2237 1272 2328 Angeio

145 2350 147 2355 '
170 2340 266 2408 Maio
282 2340 378 2407 editis
394 2340 450 2405 lib
467 2339 559 2405 XIV
581 2363 609 2408 c
626 2336 685 2406 15
704 2340 743 2412 τί
758 2335 827 2434 γύρ
850 2340 895 2411 οῖν
917 2333 1133 2467 ρννήσονται
1156 2332 1273 2411 δεινύν

171 2436 385 2535 ἐργάζεσθαι
410 2434 495 2518 τούς
523 2433 635 2528 ὁμόσε
662 2441 866 2535 χωροῦντας
894 2447 933 2512 αἱ
970 2447 1122 2532 βαθεῖαι
1149 2436 1273 2532 κόμαι,

171 2545 218 2612 ito
235 2542 372 2627 mutari,
403 2550 440 2607 ut
460 2550 517 2608 aut
540 2541 741 2609 deleatur
715 2571 779 2621 αν,
807 2552 864 2610 aut
885 2538 1054 2615 δύναιντο
1080 2552 1272 2634 reponatur.

172 2643 352 2736 Sophoclis
373 2666 454 2711 vero
477 2645 600 2712 locus
591 2667 625 2712 nr
644 2644 786 2713 Philoct.
813 2644 923 2714 1989.
947 2647 1006 2714 ubi
1023 2645 1213 2714 Brunckius
1231 2667 1274 2714 ex

172 2770 239 2818 uno
254 2747 370 2816 codice
385 2745 493 2836 dedit,
1378 2781 1380 2784 ⁴

215 2989 218 2993 .
324 2918 364 2993 οῖ
375 2914 464 2992 ποτ’
476 2915 521 2993 εῖν
534 2946 602 3014 μοι
615 2915 662 2994 τύ
677 2917 761 2996 κατ’
777 2917 877 3020 ἦμαρ

325 3023 448 3114 ἔσταις

171 3215 240 3264 non
260 3199 311 3261 est
323 3190 392 3260 hnc
412 3191 615 3280 trahendus,
642 3216 746 3285 quum
763 3195 811 3264 ibi
826 3194 996 3287 aptissime
1014 3189 1063 3268 αύ
1079 3194 1115 3261 in
1133 3193 1272 3263 caeteris

171 3297 263 3387 libris
278 3297 439 3391 scriptum
454 3298 504 3368 sit.

180 3470 183 3477 ,
275 3395 379 3483 Quod
392 3399 417 3466 si
432 3397 472 3471 τί
483 3397 528 3471 οῖν
544 3399 635 3468 licuit
650 3423 725 3468 cum
737 3401 851 3468 futuro
867 3399 1087 3491 coniungere,
1117 3399 1272 3466 coniicias

172 3500 314 3568 fortasse
336 3501 490 3568 eamdem
512 3501 610 3569 etiarn
627 3504 809 3596 negationis
830 3502 991 3570 rationem
1012 3525 1102 3588 esse,
1127 3511 1165 3568 ut
1185 3524 1274 3590 quae
1357 3534 1360 3539 ·

173 3625 238 3693 per
252 3603 547 3695 interrogationem
562 3605 596 3671 in
619 3605 657 3676 τί
680 3614 901 3678 convertatur.
952 3604 1083 3672 Vereor
1100 3612 1213 3670 tamen
1236 3611 1274 3668 nt

172 3703 210 3772 id
225 3704 350 3772 idoneis
373 3707 533 3795 exemplis
550 3709 764 3800 comprobari
774 3709 889 3801 popsit.
939 3708 1030 3775 Nam
1048 3707 1083 3775 in
1096 3704 1272 3796 Aristoph.

173 3803 277 3898 vesp.
293 3805 378 3877 942.
394 3809 451 3878 ubi
466 3809 591 3902 vulgo,

327 3990 391 4069 σύκ
406 3994 451 4069 οῖν
467 3988 513 4070 σύ
526 3990 657 4070 παύσει
670 3991 822 4088 χαλεπύς
836 3995 885 4070 εῖν
901 3995 959 4069 καὶ
975 3990 1149 4084 δύςκολος,

174 4182 248 4252 eod.
264 4183 350 4251 Rev.
365 4183 454 4251 male
470 4178 534 4256 ούκ
550 4179 606 4257 αύ.
632 4183 799 4275 Reisigins
821 4191 933 4252 autern
947 4207 983 4275 p.
1000 4178 1172 4254 l⁰l.'sine
1188 4151 1273 4246 eon-

171 4287 332 4356 troversia
352 4283 481 4359 ούκονν
493 4287 725 4380 reponendum
739 4295 860 4356 censet.
912 4287 982 4372 Qui
1003 4287 1030 4353 si
1046 4307 1084 4376 p.
1107 4281 1192 4351 102.
1208 4281 1272 4348 de-
