2918 4890
243 363 307 425 194
582 355 640 418 DE
670 346 941 418 Promovit
963 348 1009 415 ἂν
1110 344 1113 351 ’

246 559 285 619 ut
302 545 341 628 ὃς
356 549 393 619 δ’
409 542 467 633 ἄν,
494 549 554 617 ἴνα
563 535 634 640 χοῖρ
648 541 705 628 ἄν,
731 543 776 613 de
789 566 858 633 qua
870 567 908 612 re
923 552 975 612 est
988 542 1076 610 libro
1088 541 1202 633 primo
1213 539 1351 611 dictum.

212 646 214 651 ’
248 650 338 722 Cum
355 647 494 716 caeteris
510 654 623 715 autem
639 648 735 715 verbi
748 647 858 716 modis
875 647 1090 714 coniunctum
1110 641 1155 716 οῖν
1163 699 1176 732 ,
1205 644 1353 733 sequitur

247 751 404 829 eamdem
420 750 591 842 regulam,
617 756 655 816 nt
674 751 781 818 verbo
804 750 850 819 ad
869 749 963 840 qnod
983 749 1130 842 pertinet
1149 747 1353 831 subiciatur,

240 865 285 926 ut
300 851 398 946 εἶχον
412 851 481 932 ἄν,
506 847 629 944 ἔχοιμ’
645 849 705 941 οἷν,
732 853 828 942 ἔχειν
844 850 909 941 ἄν,
935 853 1024 942 ἔχων
1038 849 1093 924 εῖν.
1146 849 1218 919 Sed
1229 849 1353 917 horum

247 960 429 1029 verbomm
446 955 604 1045 quoniam
620 977 661 1022 ea
678 955 825 1024 conditio
842 964 904 1040 est,
929 965 967 1023 nt
978 955 1180 1047 plerumque
1194 975 1263 1020 uon
1282 953 1353 1020 sola

247 1046 312 1156 per
329 1085 365 1129 se
384 1060 581 1128 sententiam
594 1060 806 1150 compleant,
833 1059 894 1128 sed
917 1060 1092 1126 coniuncta
1118 1058 1256 1126 demum
1276 1079 1352 1123 cum

249 1167 321 1234 aliis
337 1165 476 1232 vocibus
489 1162 655 1255 integram
671 1163 841 1232 notionem
856 1163 1044 1249 conficiant,
1062 1161 1205 1254 perinde
1221 1168 1272 1228 est
1284 1183 1353 1249 quo

247 1270 325 1338 loco
352 1275 498 1359 ponatur
527 1263 592 1350 ἄν,
624 1265 810 1335 dummodo
842 1268 973 1335 locetur
999 1275 1079 1358 post
1106 1288 1208 1332 unam
1238 1286 1353 1331 earum

248 1393 390 1459 vocum,
424 1391 467 1438 ex
485 1368 606 1458 quibus
628 1377 758 1437 constat
779 1371 838 1438 illa
859 1393 947 1460 qnae
971 1367 1151 1437 efficienda
1177 1376 1227 1436 est
1250 1368 1351 1435 notio.

248 1474 295 1543 Vt
308 1471 403 1564 quod
422 1467 520 1540 est
486 1466 640 1561 ειχονοῖν
655 1467 856 1594 πρρῖφασιν,
882 1474 963 1540 licet
977 1473 1077 1540 etiam
1092 1473 1139 1539 sic
1153 1471 1230 1555 dici,
1256 1464 1353 1564 πρό-

249 1576 362 1672 φασιν
376 1572 423 1647 οῖν
437 1569 553 1663 εἶχον,
579 1572 634 1639 vel
647 1567 834 1668 πρόφασιν
850 1571 948 1666 εἶχον
970 1573 1016 1648 ἄν
1026 1629 1040 1664 ,
1066 1571 1176 1642 vel
1142 1601 1240 1663 ειχον
1262 1566 1354 1666 πρό-

249 1703 362 1800 φασιν
380 1705 425 1748 αν
432 1729 446 1765 ,
480 1684 518 1744 ut
537 1674 631 1766 apud
651 1675 877 1771 Demosssup.
901 1674 1013 1761 1105,
1033 1676 1067 1747 2.
1093 1680 1128 1749 εἰ
1144 1705 1212 1767 μεν
1227 1701 1353 1747 τοινυν

248 1808 300 1877 μη
325 1771 645 1908 προςεμαρκιῖρουν
666 1805 711 1874 κη
698 1774 926 1903 προκλήσει
950 1773 1018 1876 τήν
1033 1773 1212 1899 διαθήκην
1235 1774 1352 1864 οὗτοι,

250 1876 414 1974 λόγον
380 1882 455 1970 ειχέ
465 1907 525 1952 σιν
564 1877 610 1952 εῖν
626 1873 674 1953 πεῖ
689 1875 835 1976 φεύγειν
852 1883 916 1976 εμὲ
938 1879 1097 1976 οἱνοῖχειν
1117 1875 1163 1954 ed
1176 1907 1353 1976 γραμμα-

249 1990 358 2056 σεῖον
412 1982 690 2052 Consentaneum
703 1993 754 2052 est
782 1993 914 2076 autem,
939 1985 1012 2054 fere
1034 1994 1113 2076 post
1131 2007 1233 2051 unam
1253 2005 1295 2051 ex
1315 1983 1353 2049 iis

249 2086 388 2154 vocibus
400 2087 501 2177 poni,
526 2084 696 2175 inquibus
710 2088 816 2157 maius
832 2038 970 2178 aliquod
989 2097 1199 2155 momentum
1214 2095 1274 2155 est.
1308 2085 1355 2152 Vt

250 2189 344 2282 apud
362 2183 710 2280 Lycurgnmp.165.
735 2190 838 2280 (242.
854 2187 890 2286 §.
904 2189 963 2263 39.
979 2191 1107 2280 Bekk)
1091 2193 1254 2280 καιτοι
1269 2215 1339 2260 κατ

251 2289 405 2372 ἐκείνους
424 2317 510 2370 κους
534 2283 702 2383 χρόνους,
729 2321 756 2365 ω
745 2289 918 2388 ἄνδρες,
944 2293 998 2374 τίς
1012 2289 1076 2366 οὐκ
1093 2292 1138 2365 oio
1159 2285 1226 2386 τήν
1247 2285 1354 2363 πόλιν

248 2394 418 2492 η’λέησενς
442 2391 604 2460 Maluit
580 2416 643 2480 sio,
669 2417 771 2484 qnam
793 2396 847 2478 τῖς
868 2395 913 2469 εῖν
936 2393 1000 2469 οὐκ
1018 2392 1158 2493 ἠλέησε,
1184 2396 1263 2483 quia
1285 2415 1355 2461 non

251 2494 720 2589 quismieertooreaoosuit‚
740 2498 1354 2591 sedquinimmieeriooredicerevo-

248 2599 351 2667 lebat.
402 2597 563 2688 Thucyd.
579 2599 621 2666 ll.
640 2597 701 2672 ll.
724 2599 855 2672 οὔκουν
876 2595 964 2696 χρή,
991 2603 1028 2672 εἴ
1039 2629 1089 2673 τω
1104 2629 1163 2674 και
1156 2599 1354 2693 δοκουμεν

249 2695 421 2794 πλήθει
404 2702 544 2772 επιε’ναι
566 2727 624 2771 και
618 2696 821 2796 οῖσφοῖλεια
840 2697 1010 2798 πολλη
976 2730 1070 2774 ειναι
1089 2699 1142 2799 μή
1168 2703 1213 2776 εῖν
1233 2707 1354 2776 ἐλθεῖν

250 2829 336 2883 κους
350 2801 535 2882 ἐναντίους
554 2799 641 2900 ημῖν
654 2799 717 2878 deo?
729 2798 859 2904 μοῖχης,
886 2799 1023 2878 κουίου
1041 2810 1143 2879 ἔκενα
1161 2807 1353 2898 ἀμελέστε-

251 2899 317 3034 prio
336 2931 376 2977 τι
395 2906 750 3000 παρεσκευασμένους
771 2913 909 3005 χωρεῖν
962 2908 1190 3002 Demosth.p
1214 2904 1300 2993 295,
1318 2905 1353 2976 8.

251 3005 305 3088 τίς
321 3034 402 3096 ουχι
394 3005 681 3081 κατέπτυσεν
656 3037 701 3082 αν
716 3011 792 3083 σοιῖ
845 3012 995 3079 Pertinet
1010 3021 1124 3080 autem
1140 3013 1185 3080 ad
1206 3011 1274 3089 hoo
1288 3033 1354 3101 ge-

250 3133 313 3178 nus
332 3110 433 3177 etiam
449 3109 528 3195 καί,
555 3132 660 3198 quum
676 3113 814 3201 quidem
829 3113 915 3182 haec
929 3115 1051 3182 vocula
1071 3138 1137 3182 non
1154 3124 1204 3183 est
1222 3113 1354 3204 simpli-

253 3213 335 3280 citer
356 3213 495 3303 copula,
521 3211 584 3280 sed
609 3216 725 3305 paullo
753 3216 926 3284 fortiorem
953 3217 1111 3285 habet
1079 3242 1168 3303 mm,
1200 3229 1238 3284 nt
1259 3216 1355 3305 quasi

251 3336 316 3407 pro
334 3313 554 3382 affirmatione
572 3316 718 3404 quadam
737 3319 788 3391 sit.
842 3319 1036 3388 Herodotus
1054 3321 1112 3394 lV.
1130 3319 1215 3388 118.
1229 3317 1288 3391 καῖ
1307 3317 1354 3389 οῖν

160 3434 161 3438 ’
252 3410 391 3508 ἐδήλου.
444 3417 491 3484 Et
518 3417 660 3488 fortasse
682 3421 841 3513 Thucyd.
872 3423 960 3489 vlll.
981 3420 1042 3494 68.
1067 3425 1198 3513 dequo
1222 3425 1299 3490 ioco
1319 3443 1351 3488 v.

251 3541 353 3612 supra
368 3519 426 3588 lib.
442 3519 502 3592 111.
523 3543 551 3588 c.
571 3519 606 3592 4.
632 3523 705 3592 Sed
728 3548 795 3594 non
819 3525 908 3594 eadit
926 3524 1046 3610 hocin
1064 3521 1157 3600 οῖλλυῖ
1173 3525 1267 3618 apud
1285 3524 1354 3593 So-

224 3679 226 3682 ,
251 3622 412 3714 phoclem
425 3623 538 3714 Antig.
554 3621 639 3691 465.

355 3823 468 3906 οὕτως
494 3826 618 3944 ἕμοιχε
643 3829 752 3900 τοῦδε
778 3830 846 3902 τοῦ
872 3827 987 3903 πόνου
1014 3836 1136 3920 τυχεῖν

355 3953 430 4023 παρ
437 3924 578 4000 ὀὐδὲν
604 3927 730 4022 οῖλχος,
763 3927 843 4004 οῖλλ
869 3930 916 4004 οῖυ
943 3935 978 4004 εἰ
999 3958 1066 4004 τον
1092 3936 1128 4014 εξ
1153 3930 1240 4026 oratic

353 4055 488 4126 μηνρος
514 4025 671 4105 dandae
697 4030 914 4109 αθαπτον’
895 4027 1053 4133 εσχόμην
1079 4062 1203 4123 νεκυν,

318 4130 484 4212 κείνοις
510 4131 555 4206 οῖν
579 4131 719 4230 ἤλγουν.

254 4334 297 4404 ld
312 4335 401 4404 enim
422 4339 650 4428 propterea
624 4361 672 4407 ειο
693 4338 760 4407 diei
779 4340 915 4431 debuit,
942 4342 1021 4434 quia
1039 4337 1120 4418 ἀλλ’
1134 4289 1181 4413 οῖν
1205 4337 1354 4431 elliptice
