2918 4890
514 245 572 305 DE
606 242 885 306 Panxlcvxt
908 236 984 308 oio*

358 733 1096 821 nlnnasncvuuvs

725 923 751 993 1.

227 1079 312 1150 De
362 1076 584 1149 modis
635 1073 839 1148 uerbi
890 1072 1233 1169 obliquis.

173 1217 383 1322 Dicendum
402 1271 492 1317 nunc
514 1257 566 1318 est
587 1249 631 1317 de
652 1249 762 1318 modis
776 1248 870 1316 verbi
885 1247 1045 1336 obliquis,
1071 1234 1283 1315 coniunctivo

173 1365 275 1446 atque
298 1355 465 1446 optativo,
499 1351 543 1419 de
567 1374 711 1441 quorum
726 1351 982 1426 vconsociatione
1007 1373 1084 1418 cum
1109 1351 1282 1442 particulis

173 1459 220 1531 oio
235 1468 269 1527 et
284 1457 344 1529 κέν
360 1457 425 1523 alia
444 1455 572 1522 ratione
598 1454 833 1547 explicandum
857 1455 937 1540 erit,
963 1477 1065 1544 quam
1086 1477 1152 1542 qua
1176 1454 1211 1520 in
1229 1455 1283 1520 in-

173 1561 320 1628 dicativo
340 1560 389 1625 nti
411 1557 543 1624 licebat
595 1558 769 1626 Indicativi
792 1558 880 1624 enim
896 1566 1014 1624 natura
1030 1565 1064 1624 et
1079 1557 1163 1623 ratio
1179 1579 1284 1646 quum

173 1663 327 1732 omnibus
349 1667 468 1753 aperta
487 1661 547 1746 sit,
574 1663 699 1748 statim,
726 1683 813 1750 quae
828 1661 876 1727 vis
897 1669 985 1728 esset
999 1660 1096 1728 huius
1114 1659 1227 1742 modi,
1255 1661 1283 1727 si
1354 1698 1358 1703 -

81 1845 83 1856 Ι
173 1765 376 1835 adderentur
395 1763 581 1855 particulae
598 1767 697 1851 ntae,
723 1762 999 1854 ostendi'potuit‚
1026 1762 1150 1831 deiude
1170 1774 1283 1830 autem

173 1869 218 1938 de
231 1870 269 1939 iis
284 1867 507 1936 locutionibus
518 1867 595 1959 dici,
621 1869 655 1936 in
672 1868 794 1959 quibus
808 1867 931 1935 omissa
944 1866 1051 1935 videri
1067 1876 1185 1958 posset
1198 1889 1282 1958 par-

171 1974 285 2047 ticula.
339 1971 549 2041 Coniunctivi
578 1994 660 2040 vero
688 1981 792 2061 atque
821 1971 960 2063 optativi
994 1979 1113 2037 natura
1141 1992 1210 2038 non
1237 1971 1284 2037 ita

172 2078 326 2145 omnibus
355 2084 436 2144 nota
459 2083 561 2165 atque
583 2085 767 2168 perspecta
785 2083 852 2161 est,
878 2083 916 2141 ut
936 2074 973 2141 hi
992 2073 1085 2140 modi
1107 2073 1189 2163 quid
1212 2074 1284 2142 sine

131 2180 342 2274 ·'particulis
365 2179 434 2247 istis
463 2179 654 2272 significent
680 2179 880 2271 praeterire,
915 2201 956 2244 ac
980 2176 1090 2244 statim
1114 2176 1158 2244 de
1187 2175 1283 2244 adie-

172 2286 282 2352 ctione
305 2305 420 2351 earum
444 2281 490 2348 ad
513 2303 571 2349 eos
594 2281 715 2379 modos
737 2281 851 2349 dicere
871 2281 1056 2373 possimns3
1081 2279 1185 2347 immo
1205 2288 1282 2348 ante

172 2388 284 2454 omnia
298 2383 481 2452 videndum
497 2384 577 2471 crit,
604 2407 707 2474 quam
728 2384 798 2474 ipsi·
811 2407 875 2474 per
892 2407 928 2451 se
942 2383 1010 2450 vim
1023 2381 1185 2470 habeant,
1212 2404 1282 2472 quo

172 2488 315 2570 deinde,
343 2485 425 2574 quid
450 2485 496 2552 ad
520 2509 596 2553 eam
616 2486 759 2554 adiectio
779 2487 910 2554 illarum
934 2485 1174 2578 particulamm
1197 2508 1282 2553 con-

124 2577 127 2589 *
170 2592 277 2673 ferat,
302 2588 444 2680 intelligi
459 2589 574 2681 possit.

273 2692 476 2784 Repetenda
506 2693 563 2761 hic
594 2693 714 2785 paucis
742 2694 909 2786 simulque
933 2693 1163 2761 confirmanda
1195 2699 1281 2777 sunt,

172 2819 261 2886 quae
276 2797 354 2864 alibi
377 2798 571 2888 explicatius
595 2798 770 2889 disputavi.
823 2798 870 2864 Vt
889 2786 1085 2864 indicativus
1107 2796 1282 2863 veritatem

171 2900 269 2986 facti,
302 2901 349 2967 ita
372 2901 598 2968 coniunctivus
621 2910 723 2989 atque
747 2901 915 2991 optativus
940 2924 1000 2985 ea,
1033 2921 1120 2988 quae
1141 2906 1283 2990 possunt

170 3003 261 3089 fieri,
293 3002 497 3093 significant:
530 3004 576 3069 ita
598 3012 728 3088 tamen,
753 3012 791 3070 ut
814 3000 1043 3070 coniunctivus
1067 3001 1125 3069 illa
1145 2999 1281 3084 indicet,

172 3128 260 3194 qnae
277 3113 421 3200 propter
437 3106 582 3195 aliquam
594 3107 744 3196 ipsarum
755 3128 879 3191 rerum,
900 3105 943 3172 de
958 3106 1079 3194 quibus
1094 3126 1203 3172 sermo
1219 3112 1281 3190 est,

173 3207 400 3274 conditionem
422 3209 592 3276 eveniantt
625 3209 714 3276 unde
729 3218 818 3276 totus
842 3208 887 3275 ad
912 3208 1151 3300 experientiam
1171 3206 1281 3273 refer·

172 3320 227 3376 tur
259 3332 300 3377 ex
328 3333 435 3399 eaque
460 3312 606 3404 pendet3
641 3312 807 3404 optativus
832 3321 944 3380 autem
970 3333 1059 3400 quae
1089 3309 1282 3402 cogitabilia

171 3421 247 3480 sunt
274 3413 457 3504 significet:
484 3439 551 3504 quo
565 3417 623 3501 fit,
649 3424 687 3482 ut
702 3417 804 3483 etiam
822 3439 863 3483 ea
879 3412 1164 3506 comprehendat,
1192 3434 1282 3501 quae

170 3516 245 3582 fieri
260 3527 444 3604 nequeunt.
497 3517 647 3607 Vterque
671 3518 810 3606 modus,
837 3518 865 3586 si
886 3541 960 3586 rem
982 3518 1127 3584 severius
1151 3537 1282 3606 expen-

171 3617 298 3696 dimuS‚
325 3641 394 3685 non
409 3628 522 3710 potest
540 3644 604 3711 per
622 3643 665 3701 se
679 3622 768 3688 solus
784 3630 895 3710 stare,
922 3620 983 3689 sed
999 3619 1129 3711 pendet
1154 3640 1196 3685 ex
1215 3618 1282 3684 alia

169 3729 267 3811 parte
283 3723 450 3795 orationis.
503 3724 592 3790 Nam
607 3723 758 3790 subtilior
779 3746 880 3811 quam
901 3725 1013 3792 verior
1034 3732 1085 3791 est
1109 3720 1284 3813 Apollonii

170 3821 350 3912 disputatio
364 3825 421 3898 lib.
435 3826 496 3899 lll.
514 3825 563 3910 de
570 3826 700 3917 syntaxi
714 3849 743 3898 c.
760 3824 820 3893 28.
834 3827 1051 3893 indicativum
1064 3834 1166 3914 atque
1178 3831 1281 3915 opta-

168 3925 275 3992 tivum
289 3927 335 3992 ita
351 3927 457 3996 dictos
475 3931 659 4017 censentis,
686 3928 779 4017 quod
794 3929 855 3996 'soli
869 3952 933 4020 per
949 3952 997 4014 se,
1023 3929 1108 3996 alter
1129 3951 1202 3995 esse
1216 3927 1277 3993 ali-

169 4027 274 4117 quid,
312 4029 395 4116 alter
425 4033 535 4123 optari
558 4032 765 4124 significent,
792 4032 1040 4100 coniunctivum
1063 4039 1174 4098 autem
1200 4028 1280 4096 inde

169 4153 293 4198 nomeu
315 4130 460 4217 habere,
488 4135 599 4223 quod,
627 4157 731 4223 quum
752 4157 816 4226 per
833 4159 869 4202 se
885 4135 967 4203 nihil
985 4135 1169 4226 significet,
1195 4155 1279 4223 par-

168 4234 270 4303 ticula
297 4233 465 4330 indigeat,
493 4259 569 4305 cum
594 4260 661 4326 qua
685 4238 908 4330 coniungatur
927 4259 968 4306 ex
988 4260 1096 4328 eaque
1118 4235 1277 4330 pendeat.
