2918 4890
194 282 262 349 271
558 277 618 342 DE
641 277 941 342 Aacflluaols

196 473 438 544 Vniverrorum
502 478 615 540 autem
678 492 831 566 gregum·
888 468 976 539 haec
1039 492 1173 543 summa
1239 483 1308 561 est,

112 647 114 651 ,
197 569 532 667 wellentone
584 573 656 660 Qui
677 573 766 647 haec
789 571 892 661 eruit,
917 574 954 642 in
973 595 1017 643 eo
1034 574 1172 665 quidem
1191 578 1307 670 magis

195 680 392 775 probandus
406 676 550 773 ridetur,
575 700 679 768 quam
693 676 828 767 Strurii,
851 676 913 767 qui
927 677 1023 768 quod
1036 677 1190 747 viderent
1204 681 1306 750 albos

195 785 380 879 nigrosque
407 790 520 850 tauros
546 783 582 850 in
607 803 712 850 ιιιιιιιιι
742 781 938 851 coniunctos
967 780 1095 850 debere
1124 804 1306 851 numerum

195 888 399 978 quadratum
411 884 568 972 efficere,
592 884 684 953 hunc
701 883 933 974 quaerendum
952 895 1165 970 censuerunt,
1192 908 1306 976 eoque

194 994 329 1060 invento
359 1010 518 1058 numeros
550 997 739 1081 posuerunt
774 997 948 1056 taurorum
976 1009 1224 1079 vaccarumque
1253 991 1306 1058 ad

195 1094 352 1167 eamdem
373 1094 537 1162 rationem
558 1101 712 1178 exactos,
738 1091 800 1159 sed
816 1091 923 1159 multo
939 1092 1103 1174 maiores,
1134 1102 1168 1160 et
1187 1101 1305 1160 tamen

195 1201 265 1269 sine
287 1199 417 1281 fructu,
446 1197 527 1286 quia
543 1195 664 1264 ultima
686 1204 786 1286 parte
811 1195 1031 1316 problematis
1051 1217 1119 1263 nen
1141 1195 1305 1286 expedita
1357 1232 1360 1237 ·

69 1305 81 1321 ²
192 1298 278 1372 nihil
296 1301 523 1394 profecerunt
577 1299 694 1412 Quare
711 1299 788 1366 satis
809 1307 882 1366 erat
905 1298 1059 1367 minimos
1078 1319 1209 1390 ponere
1236 1321 1304 1366 nu-

127 1415 129 1426 '
194 1428 306 1476 meros
324 1425 453 1490 omues,
478 1423 564 1493 quos
579 1379 679 1470 facile
695 1403 768 1491 quis
784 1410 906 1494 postea
922 1424 965 1470 eo
981 1423 1121 1472 numero
1136 1402 1303 1524 multipli-

194 1517 309 1593 eard,
333 1509 370 1575 in
386 1527 455 1596 quo
469 1505 670 1574 inveniendo
684 1507 783 1574 unice
796 1506 979 1576 laboratur.
1031 1505 1200 1596 anue
1168 1526 1226 1574 vra
1244 1530 1303 1574 sa-

193 1613 325 1706 pienter
334 1611 473 1700 abipso
485 1617 559 1677 erat
574 1607 781 1678 Archimede
795 1616 989 1676 monstrata.

296 1713 370 1785 Sed
384 1711 776 1798 renierrdumestadid5
802 1711 1012 1803 quod-supra
1024 1708 1194 1799 diceban,
1219 1725 1301 1780 ver-

193 1819 245 1889 bis
259 1833 329 1888 non
349 1825 442 1886 recte
458 1815 633 1885 intellectis
650 1815 742 1884 aliud
755 1816 832 1908 agi,
855 1823 960 1905 atque
977 1813 1201 1883 Archimedes
1212 1836 1302 1907 pro·

338 1929 363 1990 t.
396 1918 439 1991 ld
453 1917 647 1989 factumest
667 1918 800 1987 duobus
818 1917 852 1987 in
867 1918 961 1986 locis.
997 1917 1045 1986 Et
1060 1918 1207 2009 primum
1219 1918 1301 2008 qui-

290 2049 322 2096 v.
339 2022 399 2092 24.
410 2023 472 2092 uhi
482 2023 678 2093 Leimiuset
697 2021 821 2091 Struvii
834 2021 1079 2090 inconsiderate
1099 2021 1302 2091 scholiastae

192 2129 336 2198 rationes
350 2128 502 2217 sequuu',
527 2125 771 2198 removendum
787 2125 955 2195 duxerunt
969 2125 1112 2194 verbum
1128 2125 1300 2221 τετραχῇ.

192 2233 300 2320 Quod
319 2253 430 2322 quum
447 2232 485 2300 in
509 2227 655 2327 aisperde
671 2229 796 2298 mii
817 2231 1012 2316 voluerunt,
1044 2237 1154 2298 metro
1173 2228 1301 2298 intule-

190 2345 270 2406 runt
282 2336 417 2421 vitium,
443 2333 499 2402 cui
513 2333 706 2403 excusando
727 2333 991 2428 imperitioribus
1014 2354 1082 2402 non
1103 2333 1201 2401 deest
1221 2352 1300 2400 ma-

191 2439 308 2510 china:
335 2438 491 2528 scriptori
508 2438 759 2530 epigrammatis
774 2458 843 2504 non
860 2445 948 2505 esset
969 2437 1161 2505 excusabile
1178 2437 1298 2505 risusn.

190 2541 265 2612 oar
279 2558 360 2610 roro
370 2540 572 2608 damnemus
586 2561 708 2619 rocem
721 2541 839 2608 illam?
864 2539 1012 2608 Tantum
1026 2540 1124 2610 abest
1138 2540 1238 2631 enim,
1261 2549 1300 2609 ut

189 2645 404 2715 morinen
423 2651 634 2737 congruunt,
657 2645 688 2712 si
711 2643 937 2735 quadraginta
956 2653 1118 2733 quattuor
1139 2664 1207 2735 pro
1229 2663 1298 2711 nn-

190 2748 303 2818 decim
310 2747 489 2816 tricesimis
503 2747 656 2840 partibus
668 2755 847 2840 ponantur,
873 2756 986 2815 utnon
1000 2749 1108 2816 selum
1124 2747 1298 2837 aliquanto

189 2853 335 2934 minores
356 2853 459 2939 liant,
482 2852 544 2921 sed
566 2852 667 2920 etiam
688 2851 909 2944 impediatur,
935 2874 979 2919 ne
999 2875 1094 2920 secus
1116 2874 1219 2942 quam
1232 2875 1297 2919 na-

167 2950 275 3024 litura
293 2964 327 3024 et
341 2955 505 3040 mosten,
533 2964 704 3022 taurorum
719 2956 825 3023 maior
841 2955 884 3022 sit
895 2977 998 3044 quam
1011 2971 1190 3023 vaccarum
1205 2956 1297 3022 mul-

191 3058 310 3131 titudo.
363 3059 501 3128 Scilicet
524 3058 683 3147 quoniam
709 3081 751 3126 ex
775 3058 919 3126 minimis
950 3057 1296 3126 taurorum'numeris

190 3159 304 3248 2226,
325 3169 359 3228 et
379 3159 497 3248 1602,
528 3171 563 3229 et
580 3156 693 3248 1580,
708 3169 746 3230 et
759 3157 849 3247 891,
867 3161 1035 3230 eruendus
1050 3170 1100 3230 est
1113 3184 1296 3230 vaccarum

189 3286 365 3351 numerus,
397 3265 543 3334 invenies
572 3265 725 3334 albarum
754 3212 973 3332 multitudinis
995 3282 1176 3333 vaccarum
1205 3287 1296 3354 quae

138 3443 141 3449 ,
189 3367 346 3438 detractis
373 3366 477 3466 ,1,400
496 3367 651 3460 partibus
674 3368 825 3459 reliquae
845 3375 921 3435 sunt
934 3377 1050 3460 partes
1071 3368 1177 3469 1037
1198 3367 1296 3438 hisce

188 3471 400 3564 aequiparari
414 3471 620 3541 taurinorum
635 3490 797 3566 gregum
794 3471 964 3565 partibus:

280 3601 654 3724 tloot÷2meeo
767 3600 909 3658 17Ὦ1
1034 3595 1188 3661 1172226

280 3683 388 3758 ἰι-
516 3640 1187 3760 ··-···†··mr·†·*'··

273 3953 303 4028 a)
323 3950 436 4011 censor
448 3950 480 4011 in
494 3949 598 4010 orm-n.
614 3949 676 4020 ren.
692 3971 717 4010 a.
734 3947 827 4018 raso.
843 3968 883 4010 m.
898 3911 1008 4010 nares
1021 3943 1075 4014 fe.
1093 3948 1145 4015 ie
1156 3947 1293 4029 quodne

178 4022 320 4117 ¹'scriptus
333 4034 600 4112 esthieuumerus,
624 4045 654 4096 st
668 4036 991 4112 noniotlutoeeo,
1014 4043 1045 4094 et
1057 4031 1293 4096 similiteretiam
1406 4109 1414 4116 κ

186 4123 239 4204 qui
246 4119 442 4203 praecedunt,
456 4119 641 4202 typographi
650 4121 976 4201 erroreiactumputat.
999 4121 1234 4180 dt'consultoita
1244 4120 1293 4180 di-

185 4209 252 4284 visi,
269 4217 313 4283 ut,
339 4206 392 4287 qui
405 4204 584 4268 scholiastae
595 4207 686 4276 verba
697 4217 896 4285 compararet,
919 4205 956 4266 ab
969 4205 1142 4266 millenariis
1155 4207 1292 4267 numeris

184 4293 349 4376 myriades,
372 4313 389 4352 a
403 4291 591 4372 myriadibus
605 4292 742 4375 duplices
755 4291 905 4374 myriades
921 4291 1066 4354 discretas
1081 4291 1239 4353 inveniret
