2918 4890
532 322 620 389 mn
639 328 664 390 1.
709 291 807 394 use.¹
832 334 861 395 1.
1229 339 1252 401 o

62 567 68 575 ·
127 524 251 621 *utrum
272 519 310 592 εἴ
320 512 572 594 ιιενθοῖναιόν
594 547 635 615 μι
657 511 854 619 φύγοιμεν,
880 542 924 588 ια
946 525 982 594 σι’
998 521 1059 594 noi
1081 518 1248 599 θάνατόν

136 651 178 716 γε
197 616 378 719 φύγοιμεν
393 623 496 692 dicas,
609 659 614 665 -
1274 686 1277 692 ,

145 722 147 726 ’
239 725 417 793 Difficilius
436 727 604 818 explicatu
626 735 694 814 est,
720 725 958 816 quomodote
981 751 1023 798 ex
1044 725 1114 800 α’να
1136 728 1247 799 dedu-

137 839 228 895 ctum
245 828 337 895 illam
353 829 629 921 significationem
647 831 826 921 acceperit.
863 831 1005 918 Videtur
1020 842 1132 900 tamen
1148 832 1245 902 huius

136 953 275 1022 quoque
293 932 343 998 rei
360 933 545 1023 probabilis
569 933 654 1001 ratio
673 932 787 1001 afferri
806 956 918 1024 posse.
970 935 1138 1003 Particula
1159 935 1245 1023 ἄνα,

136 1050 225 1124 qnae
238 1035 345 1102 recisa
358 1035 473 1101 ultima
488 1037 598 1103 littera
611 1036 732 1104 mansit
742 1037 776 1104 in
796 1036 998 1104 Gennanica
1014 1040 1146 1130 lingua,
1171 1039 1245 1133 pri-

135 1160 230 1206 mum
251 1160 292 1205 ac
309 1139 486 1229 proprium
506 1161 605 1206 usum
621 1138 726 1206 habet
744 1140 778 1208 in
799 1139 856 1225 iis,
885 1163 972 1230 quae
989 1142 1023 1208 in
1039 1142 1174 1208 alicuius
1193 1143 1244 1210 rei

135 1239 318 1331 superficie
334 1241 377 1308 ab
391 1242 459 1309 imo
475 1241 520 1310 ad
536 1264 702 1309 summum
719 1241 832 1310 eundo
849 1245 1110 1335 conspiciuntur:
1134 1255 1244 1313 motus

136 1346 225 1410 enim
243 1344 520 1436 significationem
540 1346 572 1412 ci
593 1345 778 1414 adhaerere
794 1367 897 1434 quum
922 1370 964 1414 ex
979 1369 1020 1414 eo
1040 1347 1244 1437 intelligitur,

135 1445 230 1536 quorl
254 1470 321 1514 non
340 1456 391 1515 cst
407 1459 488 1539 apta
502 1449 572 1515 visa
587 1472 674 1538 qnae
689 1472 766 1516 curn
781 1449 887 1515 verbo
903 1446 997 1521 εἶναι
1018 1472 1244 1542 componere-

134 1561 201 1634 tur,
227 1559 298 1616 tum
317 1549 419 1618 docet
433 1575 510 1618 usus
524 1552 592 1619 eius
606 1551 815 1636 adverbialis,
841 1561 879 1618 nt
894 1547 976 1624 αλλ’
993 1548 1064 1624 οἴνα
1079 1559 1115 1634 ἐξ
1131 1547 1243 1644 ἐδρά-

135 1678 216 1724 νων.
271 1651 404 1720 Caeteri
419 1655 623 1745 significatus
638 1678 679 1723 cx
693 1677 752 1745 eo,
784 1650 1044 1745 quamprimum
1059 1656 1242 1746 posuimus,

134 1755 238 1822 facile
258 1756 416 1846 explicari
440 1767 596 1848 possunt,
631 1758 746 1848 quales
768 1766 844 1823 sunt
863 1759 1082 1840 secuudum,
1109 1769 1143 1826 et
1159 1781 1242 1850 per,

135 1867 170 1925 ct
180 1880 337 1946 sursum,
362 1867 464 1948 atque
481 1859 561 1926 inde
578 1869 690 1945 retro,
705 1859 862 1949 qnoniam
879 1871 997 1928 natura
1011 1861 1124 1930 omnia
1138 1861 1242 1928 deor-

135 1984 211 2028 sum
224 1961 383 2030 feruntur.
412 1961 467 2029 Ex
480 1963 538 2030 lllo
552 1973 663 2031 autern
676 1961 873 2054 significatu,
896 1964 952 2051 qui
967 1972 1018 2031 est
1032 1950 1243 2056 σαοααῖλααι·Ἰ

135 2065 194 2152 qui
214 2073 310 2156 patet
334 2064 506 2149 latissime,
533 2089 595 2133 nec
617 2076 745 2133 tantum
768 2063 813 2130 ad
834 2065 964 2151 locum,
990 2067 1050 2133 sed
1076 2066 1243 2133 etiamad

135 2167 201 2233 alia
216 2167 377 2255 refertur,
403 2176 441 2234 nt
463 2160 536 2239 οἷνοῖ
549 2161 702 2260 ιροέιος,
728 2159 801 2237 duo?
815 2168 939 2258 μέρος,
966 2161 1039 2238 α’νοῖ
1062 2164 1178 2258 λόγον,
1187 2173 1204 2236 ἷ-
1214 2170 1242 2236 is

134 2291 213 2336 usus
235 2279 330 2336 natus
353 2278 424 2355 cst,
450 2292 519 2359 quo
539 2270 785 2338 distributiones
807 2279 898 2336 certa
921 2258 1135 2338 numerorum
1158 2293 1243 2360 pro·
1296 2320 1298 2329 .

133 2373 289 2463 portione
304 2372 415 2440 factae
429 2373 628 2457 indicantur,
641 2373 676 2440 in
689 2395 758 2462 quo
771 2393 967 2462 genercnos
982 2375 1130 2440 similiter
1141 2396 1243 2464 par·-

133 2475 235 2541 ticnla
247 2499 294 2544 zu
312 2475 445 2543 utimur.
487 2475 572 2549 Eius.
588 2498 665 2546 usus
686 2474 948 2568 antiquissimum
970 2477 1163 2572 exemplum
1183 2496 1242 2545 or·

133 2585 198 2645 stat
211 2578 246 2645 in
260 2575 385 2669 Odyss
403 2606 428 2651 ι.
444 2576 531 2648 208.

182 2723 251 2803 rou
278 2725 313 2802 δ’
339 2729 404 2804 ὅτι
428 2727 569 2804 πλνοιιν
593 2731 765 2828 μελιηδέα
792 2727 894 2804 οἶνον
915 2722 1093 2827 ἐρυθρόν,

185 2833 224 2906 ’ἐν
250 2834 359 2915 δι’σασ
374 2827 564 2932 ,ἐμπλήσας
570 2888 586 2924 ,
613 2832 746 2916 ὕδατος
770 2827 843 2908 οἱνιί
869 2836 981 2907 εἴκοσι
1005 2836 1126 2931 μέτρα

183 2963 277 3024 xeos.

132 3088 172 3154 ln
189 3110 256 3177 quo
276 3088 433 3179 exemplo
448 3088 622 3178 quoniam,
648 3097 686 3157 nt
699 3089 733 3157 in
746 3088 917 3183 plerisque
932 3089 1022 3174 aliis,
1049 3089 1148 3158 eliam
1162 3111 1240 3159 ver·
1347 3135 1349 3138 -
1409 3130 1412 3134 »

132 3191 215 3257 bum
239 3191 300 3258 sibi
325 3193 549 3260 accusativum
570 3194 735 3282 postulat,
768 3193 966 3283 ambiguum
989 3191 1094 3261 videri
1116 3201 1240 3284 potest,
1268 3207 1270 3212 ⁴

131 3294 296 3384 particula
313 3303 425 3360 utrum
445 3296 650 3386 praepositio
671 3295 711 3362 sit
727 3317 771 3360 an
788 3295 994 3363 adverbium.
1047 3285 1122 3363 Sed¹
1138 3318 1240 3385 prae-

131 3388 336 3486 positionem
349 3418 421 3464 esse
434 3399 498 3464 alia
512 3399 667 3489 exempla
683 3397 816 3477 docent,
833 3415 886 3466 'cx
901 3399 1022 3488 quibus
1037 3398 1113 3465 satis
1126 3396 1240 3465 habeo

131 3521 235 3565 unum
259 3522 525 3569 commemorare
543 3501 677 3592 Polybii
698 3499 741 3570 ll,
758 3499 819 3586 24,
836 3499 895 3574 13.
917 3497 971 3574 ἔνι
987 3499 1025 3574 δι’
1038 3492 1113 3593 μήν
1127 3499 1185 3570 ναὶ
1201 3504 1240 3572 ἐν

131 3600 281 3693 Σικελίᾳ
304 3601 363 3673 καὶ
397 3597 562 3699 Τάραντι
591 3597 823 3695 στρατόπεδα
855 3596 918 3677 δύο
949 3594 1253 3698 ααριφήδροοεν·Ι

132 3699 181 3773 ὦν
206 3697 378 3797 ἑκάτερον
394 3700 438 3797 ἦν
461 3699 533 3777 duci
556 3703 927 3799 σιτρανιςχιλίοοςιιαλ
950 3703 1153 3783 διακοσίους
1168 3730 1239 3776 ιιι-

131 3797 211 3888 §otc
220 3859 232 3892 ,
257 3811 375 3886 ιἰιινεῖς
393 3808 431 3878 δὲ
450 3806 662 3899 διακοσίους,
695 3806 808 3875 Multo
824 3831 887 3877 usu
902 3816 1015 3876 tamen
1034 3806 1239 3894 factumest,

130 3914 167 3972 ut
183 3909 349 3997 particula
360 3909 424 3987 ista
436 3909 470 3976 in
487 3909 554 3976 hoc
567 3933 694 4001 genere
709 3911 808 3977 ctiam
822 3913 892 3980 sine
908 3933 987 3978 casu
996 3931 1061 4002 pro
1078 3909 1240 3977 adverbio

129 4018 323 4100 poneretur.
375 4012 497 4100 Neque
522 4014 610 4080 enim
625 4035 807 4104 perperam
832 4001 959 4081 (lictum
973 4012 1161 4105 putandum
1189 4020 1240 4078 cst

129 4112 263 4179 illudio
287 4114 496 4205 Apocalypsi
515 4107 549 4182 c,
566 4113 627 4202 21,
644 4113 704 4191 21.
729 4109 801 4187 οἷνοῖ
823 4116 872 4196 οἷς
895 4114 1062 4204 ἕκαστος,
1088 4123 1125 4181 ut
1145 4108 1239 4185 καθ’
1260 4159 1261 4162 =

129 4213 179 4293 οἷς
187 4268 201 4302 ,
229 4217 323 4304 quorl
342 4219 470 4284 notavit
486 4218 654 4286 Lucianus
671 4219 706 4285 in
727 4219 987 4312 Pseudologista
1010 4242 1037 4284 c.
1060 4216 1094 4284 9.
1118 4217 1160 4282 Τ.
1179 4215 1238 4285 lll.

39 4355 43 4360 ·
129 4339 165 4408 p.
184 4315 271 4386 bii.
297 4320 387 4388 Nar'n
407 4321 506 4420 etium
527 4321 581 4389 ulii
604 4322 650 4390 ric
667 4321 796 4413 loquuti
818 4332 909 4392 sunlz
936 4332 973 4392 ut
987 4317 1184 4392 Plutarchus
1206 4319 1239 4386 iu
