2918 4890
521 313 604 378 ΗΒ.
629 315 667 377 Π.
714 311 812 375 ΟΔΡ.
834 318 864 380 ’λ

139 498 190 567 Et
204 521 237 566 v.
251 492 338 567 805.
357 499 402 569 de
414 504 564 594 populo:

248 655 283 725 εἰ
312 655 355 726 δέ
388 651 475 727 ποτ’
503 659 551 736 εἰς
583 651 698 753 οέγρόν
731 653 838 737 οὗτος
872 649 1042 730 οἷπελθων
1076 663 1253 758 εἰρηναῖος

247 855 306 929 καὶ
332 862 450 955 χῖδρα
466 888 593 955 φαγων
564 758 965 984 dvadadg‘o'iriyi‘iidi
988 859 1237 961 στιμφύλςο’
1205 895 1253 949 εις
1303 796 1413 1003 N

582 985 585 991 ’
766 959 875 1083 λάρον
901 967 1013 1061 ἔλθη,

245 1055 423 1193 γνώσεται
446 1069 532 1136 οἴων
558 1058 710 1159 α’γαθοῖν
735 1062 848 1139 αὐτόν
873 1067 920 1163 τῇ
936 1070 1157 1166 μισθοφορᾷ
1176 1099 1251 1144 πα-

766 1164 957 1266 ρεκόπτου

140 1317 202 1386 Sic
212 1316 288 1383 libri
302 1326 439 1408 praeter
458 1317 621 1386 Brunckii
637 1321 894 1408 membranas,
885 1325 1055 1413 inquibus
1072 1333 1122 1394 est
1132 1325 1251 1412 ἔλθοι,

140 1419 457 1512 quodillerecepit,
473 1421 1180 1547 εοτίρείῑροοδιατρίψειολοῖναβαῤῥήσει.
1206 1427 1253 1496 At

139 1532 235 1590 recte
253 1547 289 1591 se
304 1522 453 1591 habebat
469 1526 616 1616 vulgata.
670 1527 758 1594 Nam
772 1526 839 1595 hoc
856 1528 944 1613 dicit,
971 1531 1013 1620 ei,
1035 1530 1128 1620 quod
1142 1530 1252 1620 optari

139 1627 248 1717 magis
265 1648 367 1715 quam
383 1629 511 1717 sperari
527 1637 650 1718 potest,
673 1629 782 1720 pacis
801 1631 1009 1701 munerebus
1015 1633 1103 1727 srut
1113 1629 1251 1725 populo

84 1802 87 1805 ,
140 1729 363 1822 contigerit,‘
387 1730 534 1816 sentiet,
561 1733 708 1822 quantis
725 1731 827 1802 bonis
843 1759 868 1802 a
894 1735 1025 1805 Cieone
1034 1735 1157 1830 suerit
1167 1736 1250 1828 pri-

139 1841 259 1901 vatus.
312 1833 350 1900 ln
363 1833 454 1901 Pace
470 1856 501 1902 v
518 1830 606 1902 45⁰.
1301 1838 1304 1843 ’

246 1986 304 2057 κεῖ
325 2011 381 2064 τις
406 1990 621 2083 στρατηγεῖν
646 1981 868 2080 βουλόμενος
892 2016 944 2083 μη
972 1983 1147 2084 ξυλλαβῃ,

249 2087 270 2184 ἢ
296 2088 424 2217 doridos
451 2084 670 2179 αὐτομολεῖν
697 2093 1052 2214 παρεσκευασμένος,

246 2190 303 2263 ἐπι
330 2189 400 2263 τοῦ
425 2191 562 2286 τροχοῦ
588 2219 609 2283 γ
616 2186 792 2263 ἕλκοιτο
818 2191 1117 2313 μαστιγούμενος.

141 2344 201 2414 Sic
217 2343 292 2411 libri
318 2365 435 2410 omnes
463 2351 497 2409 et
513 2342 635 2412 Suidas
652 2367 682 2411 v.
706 2337 849 2438 τροχός,
875 2346 937 2413 nisi
952 2344 1045 2435 quod
1060 2345 1117 2411 hic
1135 2347 1169 2414 εἰ
1186 2365 1249 2434 pro

140 2449 213 2523 κεί.
258 2445 354 2514 Male
378 2447 502 2538 corrigi
527 2444 611 2536 κᾶν,
634 2457 779 2539 arguunt
805 2470 892 2536 quae
906 2448 1130 2540 praecedunt:
1157 2443 1250 2526 ὅςτις

39 2558 41 2562 “
142 2550 181 2622 δὲ
197 2543 358 2643 πόλεμον
379 2545 473 2620 εἶναι
495 2543 684 2640 βούλεται,
716 2588 758 2599 -
788 2552 846 2621 κεῖ
867 2579 922 2632 τις
948 2557 1092 2646 φθονεῖ.
1118 2587 1170 2602 -
1197 2550 1253 2618 κεῖ

140 2678 198 2732 τις
220 2656 404 2742 ἐπιθυμοῖ.
458 2651 557 2735 Quae
588 2661 663 2719 sunt
683 2652 864 2741 eiusmodi,
896 2663 933 2722 ut
956 2655 1011 2720 hic
1032 2676 1168 2744 quoque
1196 2651 1253 2722 κεῖ

140 2781 197 2832 τις
224 2755 371 2846 positum
401 2777 423 2820 a
449 2763 554 2845 poeta
584 2778 658 2824 esse
690 2754 835 2821 dubitari
860 2755 914 2822 vix
946 2757 1060 2846 possit.
1120 2755 1249 2822 Pariter

119 2879 172 2924 ,τα
190 2855 277 2930 437.
397 2956 400 2961 Ι

244 3008 367 3100 χῶςτις
393 3003 594 3106 προθύμως
620 3004 773 3106 ξολλοῖβῃ
800 3008 872 3082 τοῖν
900 3007 1077 3100 σχοινίων,

244 3111 380 3185 τοῦτον
406 3106 472 3186 τόν
498 3111 612 3210 ἄνδρα
639 3107 693 3207 μή
717 3117 843 3205 λαβεῖν
869 3107 958 3186 πότ’
989 3108 1132 3185 ἀσπίδα.

140 3265 210 3334 vbi
233 3265 383 3354 quamvis
408 3265 557 3332 inbonis
579 3265 670 3332 libris
693 3258 863 3355 ξυλλάβοι
887 3265 944 3345 sit,
970 3275 1082 3331 tamen
1103 3265 1246 3331 deterius

140 3367 283 3439 videtur.
334 3367 531 3435 Herodotus
554 3367 605 3454 11,
634 3366 692 3436 13.
726 3389 831 3454 quum
854 3366 989 3434 dixisset
1019 3357 1133 3435 Nilrim
1156 3367 1246 3452 olim,
1301 3432 1304 3438 .

142 3473 170 3538 si
190 3471 363 3537 minimum
384 3479 462 3538 octo
481 3471 611 3537 cubitos
638 3470 849 3563 decrevisset,
875 3470 951 3536 loca
968 3470 1053 3536 infre
1066 3469 1247 3558 Memphin

139 3573 335 3661 inundasse,
361 3573 407 3640 ita
422 3574 553 3666 pergit:
579 3572 643 3643 νῦν
662 3572 752 3644 teri
767 3565 819 3661 μή
843 3568 902 3644 ἐπ’
920 3571 1102 3644 ἑκκαίδεκα
1120 3571 1143 3666 ἤ
1157 3598 1245 3642 πεν-

140 3675 328 3747 τεκαίδεκα
352 3670 484 3771 πήχεας
508 3672 630 3770 α’ναβῇ
643 3667 896 3762 ’τούλάχιστον
925 3673 945 3746 ὁ
972 3667 1152 3763 ποταμός,
1181 3669 1269 3745 οὐκ·

140 3775 353 3870 ὑπερβαίνει
369 3784 402 3858 ἐς
417 3771 485 3874 τήν
502 3771 630 3872 χώρην.
681 3776 774 3844 Vnus
788 3786 916 3843 tantum
934 3777 1042 3842 codex
1059 3774 1103 3870 ἦν
1111 3830 1125 3863 ,
1153 3776 1246 3865 quod

141 3881 236 3948 dedit
248 3881 463 3967 SchaeieruS‚
491 3890 525 3947 et
532 3878 766 3972 reponendum
781 3879 909 3947 censuit
924 3879 1097 3946 Werferus
1107 3879 1141 3945 in
1150 3880 1259 3948 Actis,

139 3981 278 4052 Monac.
304 3984 355 4056 Τ.
371 3984 397 4052 Ι.
422 4008 459 4075 p.
484 3982 570 4050 100.
596 4005 666 4050 non
687 3991 797 4068 recte,
827 3991 864 4049 ut
883 3981 965 4048 mihi
991 3980 1130 4049 videtur.
1182 3982 1244 4048 Est

141 4087 229 4153 enim
246 4086 313 4154 hoc
326 4086 398 4155 αιέλ
401 4086 519 4179 sorte,
541 4085 635 4174 quod
652 4087 712 4153 etsi
725 4085 836 4176 potuit
846 4085 902 4151 hic
918 4084 995 4172 dici,
1013 4093 1124 4152 tamen
1139 4085 1243 4151 multo

140 4190 251 4280 aptior
273 4199 323 4257 est
341 4191 459 4258 fortius
484 4212 642 4280 expressa
664 4187 829 4271 conditio,
862 4187 931 4255 nisi
938 4239 948 4273 ,
982 4212 1048 4277 qua
1070 4188 1242 4271 indicatur,

141 4292 300 4360 essehoc
321 4303 415 4361 extra
436 4293 597 4360 ordinem.
650 4289 784 4359 Eodem
803 4291 907 4359 modo
929 4292 1050 4360 erravit
1070 4289 1242 4357 Werferus
