3210 5040
301 311 342 372 lt
653 311 711 370 DE
733 309 998 372 Pauutcht
1020 304 1068 374 δν

300 502 532 596 προςέρχεται
549 506 625 583 τοῖς
639 496 913 594 δυναμένοις
866 529 934 599 την
952 500 1037 602 ὕλην
1052 498 1168 578 αὐτου
1155 503 1400 626 ’παραδιξα-

300 613 411 691 σδαι,
443 606 726 728 ἔγγαφον
689 604 764 692 ἄν,
803 607 982 700 ἔγραψα
1013 603 1087 695 ἄν,
1107 601 1403 730 έγεγρᾰφειν

300 704 371 778 ἄν·
407 731 450 778 ου
452 735 544 826 μην
563 736 614 802 τῳ
641 700 800 836 ypclpo
823 736 843 804 η
870 702 1044 829 ypdpu·
1072 703 1116 778 οδ
1138 735 1209 826 γαρ
1227 735 1403 808 παροχιγ

299 836 383 895 ται,
411 804 460 881 ἵν
474 803 654 906 ἐγχωρήσει
670 810 728 882 ναὶ
746 809 766 898 ἡ
783 815 820 882 ἐκ
839 837 907 882 του
894 811 1123 910 συνδέσμου
1137 777 1331 932 αναίρεσις
1334 813 1403 904 μέν

298 911 367 983 τοῦ
388 907 596 1004 γεγονότος,
623 911 813 1032 ἐπαγγελία
831 913 871 986 δέ
885 912 954 984 τοῦ
973 915 1158 1004 ἐσομένου.
1193 913 1252 985 acl
1273 904 1402 988 ἐντεῦ-

298 1023 368 1086 θεν
387 1014 425 1085 δέ
451 1009 707 1106 πειθόμεθα”
686 1042 745 1088 οτι
768 1010 813 1087 οδ
831 1017 1091 1139 παρῳχημένου
1111 1018 1319 1089 συντέλειαν
1337 1041 1401 1114 ση-

261 1199 262 1202 ,
296 1115 421 1208 μαίνει
443 1113 464 1189 ὁ
485 1117 768 1209 παρακείμενος,
804 1111 872 1215 τήν
906 1145 946 1208 γε
965 1110 1039 1209 μήν
1064 1119 1274 1191 ἐνεστῶσαν
1310 1115 1401 1192 ὅθεν

298 1213 404 1290 ουδέν
422 1213 665 1338 δυνησόμενον
686 1222 856 1313 γενέσθαι
874 1221 1111 1341 παρεδέξατο,
1137 1247 1195 1292 ιιαι
1188 1215 1273 1292 δια
1287 1247 1401 1294 τουτο

296 1314 490 1416 οἱπρσςδεης
514 1321 584 1392 τοῦ
613 1321 667 1394 ἄν
701 1324 951 1414 συνδέσμου’
933 1316 1101 1416 εγεγόνει
1133 1327 1171 1395 ἐν
1203 1323 1250 1418 τῇ
1276 1327 1402 1397 συνδι-

297 1424 407 1517 σμιιιῇ
423 1417 588 1504 συντάξει
603 1425 851 1514 έντελέστεοον
867 1416 917 1496 sol
931 1425 1089 1497 roseico
1107 1427 1295 1498 δέ.διιιιται
1328 1427 1401 1496 Ae-

294 1549 357 1617 gre
375 1524 514 1615 quidem
536 1547 686 1592 caremus
705 1526 761 1592 illa
776 1527 931 1594 uberiore
949 1528 1173 1618 expositione,
1206 1529 1268 1596 sed
1288 1536 1401 1598 tamen
1429 1521 1445 1530 ”

293 1628 349 1696 vel
364 1649 405 1696 cx
418 1626 489 1710 his,
509 1650 603 1715 ,quae
619 1627 675 1694 hic
690 1628 798 1694 obiter
813 1628 920 1695 attulit
936 1630 1155 1720 Apollonius,
1182 1631 1295 1725 colligi
1317 1643 1417 1724 pot-l

294 1738 363 1818 est,
389 1731 444 1796 alii
466 1753 568 1818 quam
591 1729 740 1799 debebat
755 1730 972 1798 fundamento
986 1729 1243 1822 disputationem
1257 1736 1325 1803 eius
1341 1758 1400 1804 su-

292 1840 514 1926 perstructam
531 1855 614 1906 esse.
632 1901 635 1906 ,
663 1830 791 1900 Mirum
807 1833 962 1924 profecto
975 1842 1043 1918 est,
1071 1834 1170 1904 etiam
1190 1836 1399 1906 doctissimos

294 1935 599 2026 eruditissimosqne
634 1938 871 2028 grammaticos
904 1959 1146 2028 saepenumero
1181 1961 1250 2007 non
1283 1941 1398 2029 modo,

293 2038 389 2128 quod
412 2039 567 2108 accidere
592 2041 693 2108 cuivis
717 2049 850 2132 potest,
875 2040 909 2108 in
931 2040 1059 2108 ratione
1078 2039 1254 2108 reddenda
1275 2065 1398 2132 errare,

292 2141 354 2210 sed
376 2143 474 2210 etiam
496 2166 583 2232 qnae
598 2166 661 2212 usu
678 2143 811 2212 firmata
834 2151 869 2211 et
889 2143 1111 2234 comprobata
1126 2152 1202 2212 sunt
1220 2145 1276 2212 vel
1296 2145 1398 2238 igno-

291 2268 366 2312 rare
384 2245 509 2333 rideri,
534 2247 590 2316 vel
611 2247 732 2316 diserte
750 2256 788 2315 ut
807 2269 913 2338 prava
934 2247 1090 2316 relicere..
1135 2245 1323 2338 Vtrumque
1341 2249 1398 2317 fa-

291 2357 384 2416 ctum
400 2350 560 2420 ¹videmus
583 2351 619 2416 in
639 2349 706 2416 bac
731 2349 965 2441 disputatione.
1016 2351 1106 2418 Nam
1129 2373 1240 2440 neque
1269 2374 1397 2440 caussa,

292 2475 352 2518 cur
373 2451 544 2543 praesenti
564 2460 598 2518 et
619 2451 733 2518 futuro
756 2452 850 2543 iungi
866 2461 1012 2540 nequeat
1026 2450 1092 2543 ἄν,
1117 2462 1210 2521 recte
1232 2455 1397 2546 explicata

288 2555 343 2622 ¹est
360 2557 404 2622 ab
421 2555 622 2644 Apollonio,
647 2576 758 2642 neque
780 2555 893 2645 ipsum
906 2554 989 2622 illud
1004 2577 1120 2622 verum
1135 2564 1202 2642 est,
1227 2579 1296 2627 non
1312 2579 1397 2626 con-

290 2656 409 2724 sociari
426 2657 626 2749 particulam
645 2657 743 2724 istam
763 2680 840 2724 cum
858 2655 909 2723 his
927 2657 1157 2747 temporibus,
1182 2659 1395 2750 quandoqui-

290 2757 370 2826 dem
384 2760 538 2828 futurum'
549 2761 675 2847 saltem,
690 2760 724 2828 in
739 2760 855 2851 primis
872 2758 965 2850 apud
978 2759 1177 2847 Homerum,
1190 2783 1292 2852 quem
1309 2787 1394 2855 prae

291 2865 430 2933 caeteris
460 2864 678 2954 scriptoribus
706 2864 860 2932 omnibus
887 2863 1099 2954 grammatici
1124 2864 1172 2932 illi
1197 2866 1395 2953 tractabant,

111 2959 113 2963 ’
244 3000 249 3004 ·
289 2967 483 3057 saepissime
504 2965 658 3034 adsciscit
687 2963 768 3039 ἄν..
801 2966 925 3034 Nititur
953 2966 1125 3058 Apollonii
1153 2969 1316 3037 sententia
1341 2991 1395 3056 eo,

288 3070 383 3156 quod
399 3068 445 3142 οἷν
459 3071 555 3138 tollat
571 3069 745 3138 veritatem
766 3069 863 3155 facti,
889 3068 1059 3158 faciatque
1077 3079 1114 3140 ut
1135 3070 1217 3160 quid
1228 3094 1297 3140 non
1313 3061 1395 3141 'fieri

288 3172 457 3240 factumve
471 3196 563 3260 esse,
589 3171 651 3240 sed
663 3193 763 3264 posse
779 3172 853 3240 fieri
867 3172 1043 3264 cogitetur.
1094 3174 1194 3241 Nunc
1207 3174 1251 3242 ait
1264 3175 1393 3266 imper-

288 3275 433 3361 fectum,
454 3275 632 3362 aoristum,
658 3275 1043 3367 plusquamperfectum,
1064 3276 1119 3343 rel
1133 3300 1221 3366 quae
1237 3299 1279 3346 ex
1295 3267 1404 3370 parte

287 3379 379 3446 facta
395 3380 478 3466 sint,
503 3379 558 3446 vel
579 3377 718 3470 pridem
726 3379 816 3451 facta
837 3377 1033 3469 designare:
1064 3379 1190 3447 idcirco
1209 3379 1249 3447 iis
1271 3385 1393 3452 conve·

287 3482 359 3554 nire
377 3479 432 3554 ἄν.
486 3480 616 3566 Quibus
631 3481 700 3550 boc
723 3481 856 3550 videtur
873 3479 1002 3568 (licere,
1027 3483 1236 3573 temporibus
1256 3483 1324 3552 istis
1338 3485 1393 3554 vel

286 3585 419 3675 penitus
438 3583 496 3653 vel
521 3607 563 3652 ex
584 3579 691 3676 parte
708 3585 781 3654 tolli
805 3586 949 3653 lactum:
984 3607 1073 3673 quae
1095 3585 1184 3652 enim
1208 3585 1300 3654 facta
1320 3589 1393 3672 sint,

218 3688 221 3698 ’
285 3689 354 3758 iam
366 3711 434 3760 non
448 3687 542 3770 tieri·;
567 3687 602 3754 in
614 3696 791 3779 praesente
803 3695 915 3754 autem
930 3693 963 3753 et
979 3687 1093 3754 futuro
1107 3687 1189 3754 nihil
1201 3711 1283 3776 esse,
1297 3689 1393 3779 qnod

231 3862 235 3869 ,
286 3791 358 3858 tolli
373 3791 496 3882 possit:
522 3813 600 3858 nam
613 3790 706 3878 quod
719 3792 788 3877 fiat,
811 3781 880 3857 non
894 3789 993 3856 etiam
1006 3812 1075 3858 non
1087 3790 1176 3872 fieri3
1202 3814 1305 3880 quam
1318 3815 1392 3862 esse

286 3893 553 3985 etiamperfecti
575 3893 753 3980 rationem,
779 3893 909 3983 quippe
923 3891 1016 3981 quod
1036 3901 1247 3983 praesentem
1263 3913 1292 3963 'a
1312 3918 1391 3989 per-

237 4003 239 4010 '
285 3995 376 4078 fecta
397 4019 435 4064 re
456 4007 577 4065 statum
604 3995 744 4078 indicet3
780 3993 873 4085 quod
895 4003 1008 4062 antem
1028 3995 1177 4062 futurum
1198 3998 1255 4084 sit,
1285 4021 1390 4088 neeo

214 4101 218 4107 “
284 4099 424 4189 quidem
442 4099 524 4166 dum
538 4099 752 4191 pervenisse,
770 4107 815 4170 ‚ut
828 4099 933 4168 fieret
983 4097 1081 4166 Haec
1096 4100 1246 4188 quamvis
1259 4101 1389 4170 subtili-

284 4213 337 4274 ter
359 4203 425 4270 sint
450 4202 637 4295 disputata,
663 4211 797 4291 tamen,
831 4200 990 4290 quoniam
1018 4201 1292 4294 fundamentum,
1319 4225 1389 4294 quo
1519 4293 1523 4300 .

284 4307 452 4400 nituntur,
478 4305 726 4399 angustioribus
741 4314 792 4382 est
811 4325 915 4397 quam
935 4313 1132 4400 oportuerat
1146 4305 1303 4378 limitibus
1322 4308 1388 4376 cir-
1478 4337 1528 4396 υς.)
