2918 4890
542 285 630 352 LIB
654 285 708 351 111.
754 290 847 352 CAP.
869 293 952 356 ’ts
1221 298 1286 363 lot

172 476 339 577 editorum
352 476 399 544 ad
408 476 496 545 haec
513 475 832 546 verbaoffendisse:
857 475 899 551 ιιι
915 473 985 573 γοῖρ
1001 481 1088 559 ἴστε
1116 511 1144 555 ιι
1133 477 1284 609 ’Ἀθη-
1330 544 1335 552 .

172 586 285 670 ναῖοι,
313 568 375 654 ὅτι
395 608 421 674 ῳ
408 577 611 654 πλεῖστον
629 582 825 699 διαφέρετε
844 580 919 654 τοῖν
942 580 1059 656 ἄλλων
1078 581 1284 707 α’νθριιιιοιν

64 732 74 747 ‚
172 683 226 778 τῷ
250 677 340 780 ιιριις
366 710 409 755 τε
431 677 517 762 cotie
543 676 654 762 deone
681 679 843 776 εὐσεβεῖν
863 684 923 756 ναι
950 679 1039 813 updc
1063 713 1148 768 τους
1169 698 1285 784 γονεῖς

173 784 277 866 ὁσίοις
301 813 360 857 ιιαι
388 780 479 882 ιιριις
500 777 569 880 τήν
589 785 749 878 πατρίδα
776 785 1021 879 paterisne
998 802 1112 877 εχειν,
1147 787 1284 867 τούτου

173 892 343 961 πλεῖστον
369 884 517 980 ἀμελεῖν
542 881 730 971 δόξοιτ’
703 917 771 976 αν,
798 891 831 959 εἰ
854 916 921 978 ιην
942 916 1017 986 ιιαρ
1055 889 1157 985 ὑμῶν
1178 891 1285 977 οὗτος

147 1067 149 1071 ,
174 984 345 1086 διαφύγοι
363 989 555 1088 τιμωρίαν.
607 989 650 1058 ld
664 990 879 1061 scribendum
898 1002 983 1085 puto
1002 987 1184 1078 δόξαιι’”
1158 1025 1213 1069 αν.

684 1284 776 1403 vui.

261 1520 329 1591 De
360 1517 576 1614 optativo
603 1539 700 1588 cum
727 1518 781 1592 ἄν
800 1542 889 1614 pro
909 1525 1188 1617 praeterito.
1287 1496 1294 1526 ’

272 1709 350 1778 Alia
371 1731 454 1777 vero
477 1708 512 1776 in
532 1716 725 1800 temporum
745 1709 876 1778 ratione
897 1708 1061 1779 dubitatio
1079 1735 1153 1781 sese
1172 1711 1283 1801 offert,

170 1811 198 1880 si
219 1811 263 1881 de
280 1811 511 1905 praesentibus
533 1820 568 1880 et
587 1812 777 1903 praeteritis
798 1813 978 1902 quaeritur.
1030 1815 1119 1883 Nam
1139 1817 1201 1884 etsi
1220 1843 1284 1890 ne.-

169 1910 317 2012 ιιοιήιιοι
338 1914 384 1987 cin
399 1923 517 2008 aperte
532 1916 703 2006 praeteriti
720 1916 882 2006 temporis
903 1917 1109 1985 notationem
1128 1920 1284 2006 continet,

169 2026 283 2088 tamen
302 2018 372 2088 hoo
393 2041 532 2108 quoque
550 2040 620 2084 nou
641 2019 748 2087 miuus
763 2017 809 2086 ad
825 2018 1079 2087 futmumtrahi
1090 2030 1222 2112 potest,
1247 2035 1286 2092 ut

169 2121 297 2191 factum
310 2121 393 2213 quid
413 2123 494 2189 fore.
505 2121 728 2213 significetur,
755 2144 858 2210 quam
871 2128 975 2194 ιιοιοῑ
988 2120 1035 2194 ιῖν
1052 2132 1086 2190 et
1099 2117 1285 2219 ποιήσειεν

170 2222 226 2298 οἷν.
276 2224 323 2293 Et
340 2234 453 2292 tamen
466 2224 529 2292 ista
545 2223 657 2307 omnia
675 2223 776 2292 etiam
789 2236 859 2292 ιιοιι
874 2224 979 2292 modo
993 2227 1197 2315 praesentis,
1223 2226 1285 2295 sed
1352 2262 1357 2269 ’

169 2328 256 2396 adeo
271 2328 445 2419 praeteriti
460 2327 740 2420 significationem
752 2327 889 2396 habeut
915 2345 918 2351 ’
941 2327 1050 2396 Huius
1070 2329 1120 2396 rei
1134 2329 1219 2396 ratio
1237 2330 1284 2398 sic
1363 2368 1364 2372 =
1384 2355 1386 2358 ’

169 2439 221 2498 est
232 2432 343 2499 animo
356 2430 580 2511 informanda.
620 2428 741 2499 Manet
761 2454 823 2499 sua
839 2431 961 2520 cuique
974 2432 1122 2523 tempori
1138 2433 1197 2500 vis.
1237 2433 1284 2500 Et

169 2535 310 2603 aoristus
325 2534 463 2625 quidem
478 2533 650 2626 praeteriti
666 2557 771 2624 quum
786 2534 926 2626 proprie
941 2533 976 2602 id
993 2533 1087 2625 quod
1103 2535 1283 2628 aliquando

168 2637 297 2705 factum
312 2638 355 2706 sit
371 2637 550 2729 significet,
576 2637 773 2705 transfertur
790 2637 835 2704 ad
851 2660 893 2705 ea
912 2639 1035 2724 omnia,
1063 2662 1150 2729 quae
1165 2640 1283 2706 utiam

167 2740 322 2834 perfecta
341 2741 483 2832 cogitari
501 2741 673 2839 volumus,
700 2740 770 2835 sive
786 2763 826 2808 ea
841 2740 1085 2831 anteperfecta
1104 2743 1186 2832 siut,
1212 2743 1283 2810 sive

168 2866 273 2930 nunc,
300 2843 370 2912 sive
389 2854 531 2935 postero
553 2851 729 2935 tempore,
755 2845 802 2910 ita
825 2852 959 2927 tamen,
986 2851 1024 2910 ut
1048 2866 1162 2933 quum
1178 2843 1223 2911 de
1243 2867 1282 2913 re

168 2955 347 3038 praesente
375 2947 431 3014 vel
453 2947 568 3015 futura
592 2946 729 3032 dicitur,
756 2946 996 3038 cogitationem
1015 2954 1145 3014 tantum
1164 2946 1281 3041 perfe-

170 3049 485 3138 ctionis-contineat,
509 3049 659 3140 ideoque
675 3051 732 3118 vel
749 3050 835 3142 ipse,
860 3050 944 3118 utin
961 3050 1160 3142 imperativo
1175 3051 1230 3119 vel
1246 3052 1281 3118 in

168 3154 319 3245 optativo
337 3176 415 3220 cum
432 3151 477 3224 ἄν
484 3207 498 3241 ,
526 3153 768 3245 cogitationem
783 3153 918 3239 indicet,
939 3154 1054 3221 velex
1069 3155 1176 3222 verbo
1192 3177 1281 3246 pen-

168 3256 249 3324 deat
264 3278 332 3347 quo
347 3255 431 3345 qnid
446 3255 586 3348 cogitari
604 3256 820 3349 significetur.
874 3256 1044 3341 Quoniam
1058 3267 1171 3325 autem
1193 3280 1280 3348 quac
1327 3327 1330 3329 Α

167 3359 234 3427 iam
249 3359 405 3451 perfecta
426 3382 500 3427 esse
520 3359 729 3452 cogitantur,
753 3381 862 3427 vacua
877 3367 954 3427 snut
976 3360 1113 3429 notione
1132 3360 1280 3430 durantis
1345 3397 1349 3405 ·

35 3479 39 3488 ’
94 3539 97 3544 y
167 3462 258 3550 facti,
281 3485 490 3552 consequens
504 3471 637 3531 estnon
648 3485 750 3553 posse
765 3462 919 3554 usurpari
932 3464 1101 3548 aoristum‚
1127 3463 1280 3553 ubiqnid

167 3573 205 3634 ut
224 3565 376 3634 nondum
392 3564 437 3632 ad
459 3565 563 3634 finem
581 3565 805 3657 perductum,
832 3565 979 3655 ideoque
1000 3567 1056 3633 vel
1078 3566 1201 3634 durans
1214 3566 1278 3634 ad-

166 3668 253 3755 huc,
279 3669 392 3737 velex
412 3667 564 3738 eiusdem
586 3668 725 3736 actionis
743 3668 895 3737 nondum
911 3669 1065 3737 absoluta
1079 3670 1278 3760 repetitione

167 3779 322 3840 constans
346 3773 490 3864 cogitari
506 3773 680 3858 volumus,
706 3772 767 3841 sed
782 3771 827 3840 ad
841 3795 882 3841 ea
899 3772 1087 3864 pertinere,
1113 3795 1202 3862 quae
1224 3774 1278 3842 vel
1341 3848 1342 3851 Ἴ

167 3875 262 3944 brevi
275 3885 447 3944 momento
463 3877 626 3968 temporis
642 3875 698 3944 vel
718 3876 823 3944 semel
843 3875 934 3944 facta
949 3875 1174 3966 intelligimus.
1225 3878 1278 3945 lta

167 3985 281 4070 patet,
306 4000 443 4047 manere
459 3981 635 4072 propriam
655 3968 767 4048 aoristi
788 3979 856 4046 vim
870 3978 905 4046 iu
928 3979 1019 4046 omni
1041 3979 1111 4055 eius
1125 4003 1205 4069 usu,
1233 3981 1276 4047 li-

167 4090 223 4149 cet
247 4080 358 4172 prima
383 4083 499 4174 specie
521 4082 753 4152 diversissimo.
812 4081 902 4150 Hinc
923 4081 1002 4149 iliae
1024 4082 1275 4152 observationes

167 4186 463 4276 grammaticorum
479 4186 686 4255 verissimae:
712 4183 885 4278 Apollonii
903 4183 949 4254 de
966 4185 1108 4276 Syutari
1129 4185 1188 4258 ιιι.
1211 4184 1272 4259 24.
1343 4253 1347 4255 Δ

166 4311 203 4380 p.
224 4283 311 4356 251.
342 4285 446 4379 (253.
467 4289 597 4382 Bekk.)
618 4281 724 4387 ‹5th
741 4281 1037 4384 ἀποφαινόμενος
1051 4285 1158 4377 οὕτω,
1183 4282 1273 4386 γραί-
