2918 4890
167 281 208 342 14
512 271 569 333 1)ss
590 269 865 333 unnutcvuu
886 263 934 334 ἂν

166 465 404 562 particularum
433 486 509 535 earn
537 463 673 533 videam
699 461 861 530 rationem
891 460 1070 529 tenendam
1100 484 1191 545 esse,
1226 473 1275 549 ut,

167 591 400 662 quaecumque
414 590 530 637 earum
545 562 748 635 constructio
762 566 815 655 sit,
836 565 932 632 verbi
946 575 1074 656 partes,
1101 564 1194 654 quod
1210 556 1275 632 ad'-

166 677 315 742 iunctum
329 673 466 757 habent,
483 669 645 762 deinceps
658 691 854 760 persequar,
876 679 988 736 tamen
1003 667 1171 734 interdurn
1187 691 1273 754 cam,

166 801 254 867 quac
270 799 351 844 vere
366 773 570 843 constructio
592 782 659 858 est,
680 771 724 838 ab
744 771 820 860 illa,
846 794 934 863 quae
949 769 1187 859 videturesse,
1213 772 1276 841 sed

166 904 235 950 non
251 888 320 970 cst,
345 877 551 972 distinguere
565 875 745 972 oportebit.

696 1082 739 1154 V.

265 1220 691 1292 Grammaticorum
726 1219 782 1288 de
815 1216 1174 1288 constructione

598 1331 848 1411 sententia.

271 1492 577 1584 Grammaticorum
597 1516 685 1582 quac
708 1493 809 1562 fuerit
831 1491 876 1560 de
897 1490 1145 1560 constructione
1166 1490 1274 1580 parti-

168 1596 265 1663 culae
280 1595 326 1666 ἄν
342 1596 522 1685 sententia,
547 1597 676 1688 optime
690 1596 852 1689 cognosci
871 1604 984 1686 potest
1005 1618 1024 1661 e
1046 1594 1209 1684 scriptore
1230 1593 1275 1659 de

167 1698 299 1789 syntaxi
316 1699 351 1765 in
363 1697 512 1766 Beklrcn'
526 1699 721 1786 Auecdotis,
747 1700 805 1788 qui
820 1699 911 1765 illam
929 1696 1114 1775 doctrinam
1128 1695 1274 1762 omnium

166 1801 358 1892 plenissime
375 1801 537 1892 exposuit
588 1803 671 1871 Eius
689 1802 794 1870 verba
808 1801 895 1868 infra
907 1800 972 1867 suis
985 1800 1066 1866 locis
1081 1797 1273 1865 afferentur.
1307 1828 1309 1833 ·

167 1904 236 1972 Hic
244 1904 320 1972 satis
329 1915 380 1972 est
384 1905 513 1996 paucis,
527 1901 610 1994 quid
618 1906 666 1972 illi
674 1906 826 1995 sentiant,
842 1902 1030 1994 complecti.
1061 1901 1166 1970 Acde
1176 1901 1273 1990 quin-

167 2029 236 2096 que
260 2007 318 2096 qui
341 2016 484 2099 excepto
510 2009 689 2100 participio
713 2021 928 2076 numerantur
956 2006 1139 2072 verborum
1166 2002 1274 2071 modis

167 2111 278 2201 solum
308 2110 543 2202 imperativum
572 2121 700 2204 negant
725 2111 823 2180 istam
850 2109 1051 2205 particulam
1079 2107 1273 2192 admittere;

168 2235 247 2280 curu
279 2215 417 2282 caeteris
446 2223 660 2282 autemeam
682 2215 838 2282 omnibus
866 2213 1010 2281 construi
1037 2210 1136 2280 aiunt.
1187 2209 1275 2277 ltcm

167 2316 376 2408 temporibus
390 2316 527 2406 adiungi
541 2317 709 2384 affirmant
733 2317 904 2396 omnibus,
928 2314 1076 2404 exceptis
1095 2322 1274 2404 praesente

169 2427 204 2486 et
230 2418 385 2508 perfecto
407 2427 442 2486 et
473 2417 603 2487 futuro.
649 2419 818 2488 lnfiuitivis
852 2417 934 2484 addi
962 2416 1077 2484 dicum
1103 2415 1274 2499 omnibus;

167 2522 250 2588 item
270 2520 467 2611 participiis.

271 2622 368 2691 Haec
383 2645 506 2692 verane
526 2646 569 2691 an
588 2624 750 2692 nonsatis
771 2630 927 2691 accurate
944 2621 1032 2689 dicta
1050 2623 1133 2713 siut,
1159 2622 1274 2712 quaeri

168 2735 281 2819 potest
297 2725 428 2794 duobus
447 2725 575 2809 modis3
600 2749 685 2812 uno,
712 2727 769 2816 qui
783 2726 1007 2818 experientiae
1024 2726 1273 2818 exemplomm·

170 2852 238 2920 qne
256 2829 378 2897 linibus
399 2830 602 2917 continetur,
628 2831 685 2920 qui
703 2853 767 2921 per
787 2853 824 2898 se
843 2851 963 2897 caecus
985 2838 1051 2914 est,
1076 2829 1273 2920 praesertim

169 2935 204 3000 in
219 2942 311 3000 tanta
329 2932 535 3001 dissensione
549 2933 722 3015 codicum3
743 2933 860 3021 altero,
875 2933 980 3023 quiin
996 2933 1181 3023 particulae
1194 2955 1273 2999 ver-

168 3036 272 3124 bique
286 3034 465 3111 modorum
478 3059 519 3103 nc
532 3044 724 3127 temporum
740 3045 858 3103 natura
871 3033 1130 3127 pervestiganda
1145 3043 1194 3101 cst
1205 3057 1272 3126 po-

169 3139 267 3225 situs,
293 3138 351 3227 qui
366 3147 417 3206 est
434 3139 480 3206 ad
495 3139 747 3229 intelligentiam
765 3138 815 3206 rei
829 3138 965 3226 quidem
982 3138 1186 3229 aptissimuS,
1211 3137 1272 3205 sed

168 3251 299 3331 tamen,
324 3241 387 3308 nisi
401 3263 462 3309 usu
480 3242 708 3334 exemplisque
724 3243 977 3332 comprobetur,
1003 3263 1071 3308 non
1087 3241 1168 3308 facit
1183 3243 1270 3310 satis.

170 3343 335 3414 Convenit
355 3366 438 3412 vero
464 3345 507 3412 ab
529 3343 597 3413 hoc
618 3344 731 3412 lacere
750 3344 893 3432 initium,
931 3353 969 3411 ut
994 3345 1052 3413 ubi
1078 3345 1273 3435 apparuerit

169 3448 252 3536 quid
271 3446 377 3538 possit
394 3447 477 3535 dici,
503 3447 626 3516 deinde
642 3458 838 3537 quaeratur,
864 3447 946 3537 quid
968 3447 1033 3514 dici
1056 3448 1272 3518 consueverit.

168 3551 222 3620 Ao
244 3550 458 3618 ratiocinetur
481 3551 555 3640 quis
578 3551 624 3618 ita
641 3551 803 3620 fortasse:
839 3551 997 3640 quoniam
1017 3551 1193 3618 infinitivus
1207 3574 1272 3618 nu-

170 3652 250 3720 dam
272 3653 367 3720 vcrbi
391 3653 562 3722 notionem
589 3655 775 3739 contineat,
812 3660 1019 3743 consequens
1045 3676 1137 3736 esse,
1163 3662 1219 3740 ut,
1245 3654 1273 3721 si

107 3776 111 3783 ·
170 3778 248 3823 cum
261 3755 420 3823 infinitivo
436 3765 645 3824 construatur
658 3757 822 3847 particula
844 3757 919 3842 illa,
940 3757 1086 3824 construi
1099 3757 1205 3848 possit
1220 3764 1273 3823 et-

168 3857 236 3925 iam
253 3880 330 3925 cum
347 3859 486 3927 caeteris
502 3859 595 3927 verbi
608 3861 723 3926 formis
738 3861 912 3941 omnibus;
936 3860 1036 3947 itern,
1056 3860 1082 3927 si
1094 3859 1271 3927 infinitivus

169 3961 318 4029 omnium
330 3969 522 4053 temporum
536 3961 728 4049 adiicietur,
753 3972 791 4030 ut
804 3963 911 4054 possit
930 3963 1028 4030 ctiam
1043 3986 1120 4030 cum
1134 3971 1271 4053 tempo-

167 4087 244 4132 rum
256 4063 404 4131 omnium
417 4062 598 4132 indicativis
610 4065 774 4156 coniungi.
795 4065 841 4133 At
853 4065 1014 4134 haecnon
1026 4075 1118 4134 recte
1134 4067 1272 4133 conclu-

169 4189 207 4235 sa
220 4167 309 4234 foret
319 4167 415 4233 ratio.
433 4167 523 4234 Nam
535 4168 592 4234 illa
605 4167 754 4248 infinitivi
769 4169 968 4262 constmctio
985 4170 1110 4258 ubique
1126 4177 1177 4236 est
1193 4191 1271 4236 ora-

169 4271 266 4341 tionis
282 4270 458 4360 obliquac,
483 4292 594 4362 neque
610 4271 723 4340 locum
739 4270 862 4360 habet,
887 4272 950 4342 nisi
962 4273 1021 4342 ubi
1035 4272 1177 4371 inrecta
1192 4293 1271 4339 ora-
