2918 4890
210 279 277 344 ene
362 286 367 295 ·
509 344 513 355 ,
577 269 946 333 nnnnnfflonns

212 467 252 536 ln
269 463 345 534 cod.
366 462 454 532 Mus
478 459 574 551 quod
593 461 734 554 legitur,
759 459 819 534 καὶ
840 452 977 554 πτερόν
1001 458 1226 548 ι’θυνθέντα,
1254 459 1316 527 etsi

213 568 321 661 videri
335 574 449 659 potest
461 587 504 634 ex
520 563 579 638 καί
592 557 728 661 περόνη
747 555 909 636 θυόεντα
926 571 1122 653 corruptum
1145 585 1235 648 esse,
1261 574 1316 630 ta-

163 677 213 748 13
222 695 312 760 men,
338 668 540 755 atiniaco,
566 667 601 734 in
623 689 693 756 quo
715 667 784 735 sine
805 666 967 734 librorum
991 665 1112 733 auxilio
1129 665 1209 733 nihil
1232 666 1318 734 certi

213 773 327 844 afferri
340 781 472 864 potest,
497 792 566 838 non
582 771 716 838 omnino
736 769 931 862 spreverim.
984 769 1084 854 Nam,
1110 779 1148 836 ut
1160 778 1240 860 post
1256 769 1318 841 καί

212 871 346 972 περόνῃ
365 873 550 944 exciderint
569 873 687 942 similia
705 873 767 959 illis
786 871 880 963 apud
900 873 1074 956 Noenum,
1100 871 1182 940 nihil
1203 872 1318 965 impe·
1428 941 1437 959 ,

212 981 261 1049 dit
274 980 353 1071 quin
371 976 493 1046 deinde
507 977 573 1045 tale
589 975 671 1067 quid
691 974 824 1044 dederit
839 973 1022 1060 coluthus,

261 1132 321 1206 καί
340 1123 474 1205 πλόκον
489 1129 693 1202 ἰθυνθέντα
710 1121 937 1225 διαστήσασα
954 1125 1102 1221 νομαίων
1110 1182 1123 1217 ,

211 1285 306 1375 quod
323 1286 435 1376 ipsum
453 1281 560 1351 videri
576 1291 689 1376 potest
706 1303 904 1374 expressum
924 1304 998 1351 esse
1013 1304 1056 1351 ex
1074 1281 1189 1350 Nonni
1204 1281 1317 1351 verbis
1450 1324 1453 1328 Δ

212 1388 334 1458 eodem
347 1389 425 1455 loco
436 1409 468 1454 v.
486 1383 545 1453 12.

263 1516 415 1597 πολλάκι
432 1519 467 1596 δ’
484 1515 657 1610 ι’σοίζουσα
677 1523 899 1613 καθειμένον
914 1519 999 1616 ἄχρι
1014 1514 1186 1613 μετοίκου

195 1662 198 1667 ·
264 1627 484 1722 πλαζομένης
498 1626 625 1720 ἔστησε
642 1616 827 1719 μετήλυθε
842 1618 980 1717 κόσμον
996 1623 1149 1724 ἔθείρης.

211 1779 464 1849 Distinationem
491 1769 686 1870 πλοκοίμων
709 1785 744 1845 et
765 1775 910 1874 χαίτης,
946 1802 1035 1868 qnae
1058 1788 1109 1846 est
1126 1802 1147 1845 a
1167 1775 1316 1847 colutho

211 1882 319 1970 facta,
344 1891 437 1951 recte
451 1879 625 1972 Hesychio
640 1888 777 1950 auctore
792 1881 894 1950 tuitus
910 1891 961 1950 est
978 1881 1133 1954 lulianus

313 2018 356 2091 V.
376 2015 437 2086 86.

263 2150 422 2254 σήμερον
437 2152 585 2250 οίγλαΐαι
606 2183 654 2248 με
669 2154 892 2252 διακρίνουσι
908 2148 1112 2254 προςόσων.

211 2309 338 2396 Quidni
353 2310 465 2401 potius
482 2308 751 2404 διακρινέουσιὲ

311 2412 354 2483 V.
370 2411 431 2481 9⁰.
457 2411 557 2480 valde
572 2412 711 2511 languet
725 2407 781 2484 οἱεὶ
799 2411 834 2480 in
845 2412 896 2480 his
912 2412 1040 2498 verbis,

263 2561 322 2636 καί
335 2563 502 2656 πολέμων
516 2561 706 2657 βασίλειαν
723 2558 779 2636 αεὶ
796 2566 985 2637 καλέουσιν
995 2557 1183 2664 Ἀθήνην,

212 2724 251 2785 nt
277 2739 345 2785 non
367 2680 586 2788 dabitandum
614 2715 782 2800 videatur,
817 2717 896 2808 quin
917 2718 1064 2810 genuina
1089 2718 1254 2810 scriptura
1275 2718 1317 2785 sit

213 2818 460 2894 ἐπικλείουσιν.
512 2820 612 2906 Quae
625 2821 734 2889 statim
748 2820 792 2890 de
808 2844 845 2890 se
861 2820 1037 2913 praedicat
1052 2821 1186 2910 Venae,

263 2965 383 3068 μοόνη
398 2966 541 3068 Κόπρις
555 2970 701 3054 ἄναλκις
719 2975 779 3070 ἔην
794 2968 889 3055 θεός.
917 2970 961 3046 οὐ
977 2968 1161 3066 βασιλήων

265 3074 463 3172 κοιρανίην,
486 3070 571 3146 οὐδ’
586 3077 686 3167 ἔγχος
698 3071 861 3173 Ἀρήιον,
888 3072 933 3151 οὐ
945 3080 1049 3172 βόλος
1064 3081 1163 3164 ἕλκω,

213 3245 282 3294 non
295 3226 440 3293 sentilla
456 3225 594 3317 quidem
604 3228 651 3295 sic
665 3227 765 3315 dicta,
791 3238 829 3297 ut
842 3229 941 3298 valde
954 3228 1160 3322 reprehendi
1169 3231 1316 3322 possint:
1371 3261 1373 3266 ·

217 3327 278 3397 sed
291 3337 405 3398 tamen
418 3328 517 3398 huius
532 3339 642 3398 sectae
657 3341 761 3423 poeta
784 3333 953 3401 maluisset
966 3330 1029 3406 οὐκ
1051 3335 1151 3429 ἔγχος
1164 3325 1316 3428 Ἀρήϊον

215 3431 370 3525 scribere.
422 3432 501 3501 Duo
518 3433 618 3506 codd.
634 3430 716 3506 οὐθ’
732 3431 834 3525 εὖχος
847 3436 1030 3527 praebente
1056 3436 1146 3506 unde
1160 3437 1234 3526 quis
1246 3458 1317 3503 non

215 3533 315 3603 facile
329 3530 606 3628 sibi'persuadeat
619 3537 834 3608 scribendum
848 3561 937 3608 esse:

301 3745 306 3750 .
920 3672 964 3749 οὐ
993 3668 1175 3770 βασιλήων

269 3772 457 3870 κοιρανίην
474 3769 556 3847 οἶδ’
569 3769 688 3874 εὖχος,
713 3769 865 3872 Ἀρήϊον
882 3773 925 3851 ου’
937 3779 1044 3872 βέλος
1065 3779 1162 3849 ἕλκω.

134 3936 139 3947 ·
216 3908 306 3976 Nam
321 3908 365 3976 ad
383 3910 484 4001 ἔγχος
499 3912 528 3981 si
544 3909 696 3978 adiicitur
710 3912 825 4004 βέλος,
850 3913 933 3982 nihil
947 3913 983 3981 id
1000 3921 1050 3981 est
1063 3913 1124 3981 nisi
1140 3910 1316 4002 quodiam

216 4009 342 4078 dictum
361 4020 449 4081 erat:
473 4036 600 4108 regum*
619 4035 701 4081 vero
724 4013 792 4083 duo
812 4018 997 4108 praecipua
1018 4023 1111 4102 sunt,
1134 4015 1316 4108 'imperium

216 4121 251 4205 et
265 4112 420 4206 dignitas.
471 4115 591 4208 Pergit
604 4115 668 4185 sic:
800 4204 802 4209 ,

264 4244 357 4326 ἄλλο’
374 4250 414 4326 τί
427 4239 604 4353 δειμαίνω
619 4247 835 4351 περιόοιονς
865 4252 947 4330 ἀντὶ
960 4256 1029 4350 μὲν
1045 4252 1195 4352 αἰχμῆς,
