<?xml version="1.0" encoding="UTF-8"?>
<!DOCTYPE html PUBLIC "-//W3C//DTD XHTML 1.0 Transitional//EN"
    "http://www.w3.org/TR/xhtml1/DTD/xhtml1-transitional.dtd">
<html xmlns="http://www.w3.org/1999/xhtml" xml:lang="en" lang="en">
 <head>
  <title>
</title>
<meta http-equiv="Content-Type" content="text/html;charset=utf-8" />
  <meta name='ocr-system' content='tesseract 3.04.00' />
  <meta name='ocr-capabilities' content='ocr_page ocr_carea ocr_par ocr_line ocrx_word'/>
</head>
<body>
  <div class='ocr_page' id='page_1' title='image "./opuscula10hermgoog/opuscula10hermgoog_0259.png"; bbox 0 0 2918 4890; ppageno 0'>
   <div class='ocr_carea' id='block_1_1' title="bbox 197 258 1051 336">
    <p class='ocr_par' dir='ltr' id='par_1_1' title="bbox 197 258 1051 336">
     <span class='ocr_line' id='line_1_1' title="bbox 197 258 1051 336; baseline -0.022 1"><span class='ocrx_word' id='word_1_1' title='bbox 197 272 264 336; x_wconf 79' lang='lat'><strong>248</strong></span> <span class='ocrx_word' id='word_1_2' title='bbox 449 261 868 327; x_wconf 75' lang='lat' dir='ltr'><strong>nuuuuslanscrts</strong></span> <span class='ocrx_word' id='word_1_3' title='bbox 897 258 1051 323; x_wconf 75' lang='lat' dir='ltr'><strong>suunt.</strong></span> 
     </span>
    </p>
   </div>
   <div class='ocr_carea' id='block_1_2' title="bbox 224 446 1209 678">
    <p class='ocr_par' dir='ltr' id='par_1_2' title="bbox 224 446 1209 655">
     <span class='ocr_line' id='line_1_2' title="bbox 224 446 1094 546; baseline -0.007 -20"><span class='ocrx_word' id='word_1_4' title='bbox 224 455 276 525; x_wconf 77' lang='grc' dir='ltr'><strong>(λθ</strong></span> <span class='ocrx_word' id='word_1_5' title='bbox 352 505 622 524; x_wconf 89' lang='grc'><strong>........</strong></span> <span class='ocrx_word' id='word_1_6' title='bbox 650 446 776 531; x_wconf 79' lang='grc' dir='ltr'><strong><em>Ζευς</em></strong></span> <span class='ocrx_word' id='word_1_7' title='bbox 755 477 885 546; x_wconf 83' lang='grc' dir='ltr'><strong><em>ιπσριν</em></strong></span> <span class='ocrx_word' id='word_1_8' title='bbox 900 451 1094 543; x_wconf 77' lang='grc' dir='ltr'><strong><em>Σοφοκλεῖ</em></strong></span> 
     </span>
     <span class='ocr_line' id='line_1_3' title="bbox 303 546 1209 678; baseline -0.012 -48"><span class='ocrx_word' id='word_1_9' title='bbox 303 583 394 655; x_wconf 89' lang='grc' dir='ltr'><strong><em>φημι</em></strong></span> <span class='ocrx_word' id='word_1_10' title='bbox 386 557 449 631; x_wconf 72' lang='grc' dir='ltr'><strong>δέ</strong></span> <span class='ocrx_word' id='word_1_11' title='bbox 465 553 630 630; x_wconf 75' lang='grc' dir='ltr'><strong><em>κάκεῖνον</em></strong></span> <span class='ocrx_word' id='word_1_12' title='bbox 645 551 712 628; x_wconf 84' lang='grc' dir='ltr'><strong><em>τόν</em></strong></span> <span class='ocrx_word' id='word_1_13' title='bbox 727 549 785 624; x_wconf 80' lang='grc' dir='ltr'><strong><em>οἷσι</em></strong></span> <span class='ocrx_word' id='word_1_14' title='bbox 774 553 1078 678; x_wconf 73' lang='grc' dir='ltr'><strong>πεφυλαγμένον</strong></span> <span class='ocrx_word' id='word_1_15' title='bbox 1092 546 1209 642; x_wconf 79' lang='grc' dir='ltr'><strong><em>ἄνδρα</em></strong></span> 
     </span>
    </p>
   </div>
   <div class='ocr_carea' id='block_1_3' title="bbox 228 649 1193 1266">
    <p class='ocr_par' dir='ltr' id='par_1_3' title="bbox 228 649 1193 1266">
     <span class='ocr_line' id='line_1_4' title="bbox 354 649 1133 777; baseline -0.013 -45"><span class='ocrx_word' id='word_1_16' title='bbox 354 660 412 732; x_wconf 87' lang='grc' dir='ltr'><strong>καί</strong></span> <span class='ocrx_word' id='word_1_17' title='bbox 427 653 574 732; x_wconf 76' lang='grc' dir='ltr'><strong><em>πάντων</em></strong></span> <span class='ocrx_word' id='word_1_18' title='bbox 590 664 696 751; x_wconf 82' lang='grc' dir='ltr'><strong><em>μῖσος</em></strong></span> <span class='ocrx_word' id='word_1_19' title='bbox 709 649 894 777; x_wconf 69' lang='grc' dir='ltr'><strong><em>κτσίμκιον</em></strong></span> <span class='ocrx_word' id='word_1_20' title='bbox 912 660 950 728; x_wconf 78' lang='grc' dir='ltr'><strong>ἐκ</strong></span> <span class='ocrx_word' id='word_1_21' title='bbox 972 652 1133 741; x_wconf 79' lang='grc' dir='ltr'><strong><em>συνογυῖν</em></strong></span> 
     </span>
     <span class='ocr_line' id='line_1_5' title="bbox 304 753 1187 856; baseline -0.014 -21"><span class='ocrx_word' id='word_1_22' title='bbox 304 756 421 842; x_wconf 85' lang='grc' dir='ltr'><strong><em>παίσας</em></strong></span> <span class='ocrx_word' id='word_1_23' title='bbox 435 758 532 856; x_wconf 81' lang='grc' dir='ltr'><strong><em>α’μφί</em></strong></span> <span class='ocrx_word' id='word_1_24' title='bbox 546 767 737 853; x_wconf 79' lang='grc' dir='ltr'><strong><em>γυναῖκας,</em></strong></span> <span class='ocrx_word' id='word_1_25' title='bbox 764 758 834 830; x_wconf 78' lang='grc' dir='ltr'><strong>ὑπο</strong></span> <span class='ocrx_word' id='word_1_26' title='bbox 826 753 1012 830; x_wconf 79' lang='grc' dir='ltr'><strong><em>σκολιοῖο</em></strong></span> <span class='ocrx_word' id='word_1_27' title='bbox 1026 755 1187 827; x_wconf 79' lang='grc' dir='ltr'><strong><em>τυπέντα</em></strong></span> 
     </span>
     <span class='ocr_line' id='line_1_6' title="bbox 354 850 1148 978; baseline -0.01 -42"><span class='ocrx_word' id='word_1_28' title='bbox 354 858 483 947; x_wconf 79' lang='grc' dir='ltr'><strong><em>τόξου,</em></strong></span> <span class='ocrx_word' id='word_1_29' title='bbox 510 856 718 978; x_wconf 61' lang='grc' dir='ltr'><strong><em>νυκτερινιίη</em></strong></span> <span class='ocrx_word' id='word_1_30' title='bbox 728 857 791 932; x_wconf 78' lang='grc' dir='ltr'><strong><em>οὐκ</em></strong></span> <span class='ocrx_word' id='word_1_31' title='bbox 805 853 994 932; x_wconf 82' lang='grc' dir='ltr'><strong><em>α’πσθέσθ</em></strong></span> <span class='ocrx_word' id='word_1_32' title='bbox 1008 850 1148 936; x_wconf 82' lang='grc' dir='ltr'><strong><em>ο’δυ’νας</em></strong></span> 
     </span>
     <span class='ocr_line' id='line_1_7' title="bbox 228 952 1193 1062; baseline -0.008 -26"><span class='ocrx_word' id='word_1_33' title='bbox 228 967 279 1036; x_wconf 79' lang='grc'><strong>65</strong></span> <span class='ocrx_word' id='word_1_34' title='bbox 306 960 400 1041; x_wconf 76' lang='grc' dir='ltr'><strong><em>ἄλλα</em></strong></span> <span class='ocrx_word' id='word_1_35' title='bbox 419 965 653 1062; x_wconf 78' lang='grc' dir='ltr'><strong><em>Μακηδονίης</em></strong></span> <span class='ocrx_word' id='word_1_36' title='bbox 667 954 783 1044; x_wconf 79' lang='grc' dir='ltr'><strong><em>παίσας</em></strong></span> <span class='ocrx_word' id='word_1_37' title='bbox 800 960 1038 1034; x_wconf 83' lang='grc' dir='ltr'><strong><em>κατενίσσατο</em></strong></span> <span class='ocrx_word' id='word_1_38' title='bbox 1055 952 1193 1055; x_wconf 77' lang='grc' dir='ltr'><strong><em>λαύρας</em></strong></span> 
     </span>
     <span class='ocr_line' id='line_1_8' title="bbox 357 1062 1110 1161; baseline -0.017 -17"><span class='ocrx_word' id='word_1_39' title='bbox 357 1068 515 1161; x_wconf 85' lang='grc' dir='ltr'><strong><em>Αίγείον</em></strong></span> <span class='ocrx_word' id='word_1_40' title='bbox 532 1069 694 1160; x_wconf 81' lang='grc' dir='ltr'><strong><em>μεθεπεν</em></strong></span> <span class='ocrx_word' id='word_1_41' title='bbox 710 1063 745 1138; x_wconf 95' lang='grc' dir='ltr'><strong><em>δ</em></strong></span> <span class='ocrx_word' id='word_1_42' title='bbox 758 1062 937 1160; x_wconf 83' lang='grc' dir='ltr'><strong><em>Αρχελεό</em></strong></span> <span class='ocrx_word' id='word_1_43' title='bbox 953 1060 1110 1156; x_wconf 79' lang='grc' dir='ltr'><strong><em>ταμίην,</em></strong></span> 
     </span>
     <span class='ocr_line' id='line_1_9' title="bbox 307 1161 1181 1266; baseline -0.013 -20"><span class='ocrx_word' id='word_1_44' title='bbox 307 1167 453 1254; x_wconf 77' lang='grc' dir='ltr'><strong><em>είςόκε.</em></strong></span> <span class='ocrx_word' id='word_1_45' title='bbox 482 1169 660 1263; x_wconf 85' lang='grc' dir='ltr'><strong><em>δαίμων</em></strong></span> <span class='ocrx_word' id='word_1_46' title='bbox 674 1165 853 1266; x_wconf 78' lang='grc' dir='ltr'><strong><em>Εὐριπίδη</em></strong></span> <span class='ocrx_word' id='word_1_47' title='bbox 872 1163 977 1262; x_wconf 71' lang='lat' dir='ltr'><strong>stipor</strong></span> <span class='ocrx_word' id='word_1_48' title='bbox 982 1161 1181 1260; x_wconf 87' lang='grc' dir='ltr'><strong><em>’ὄλεθρον,</em></strong></span> 
     </span>
    </p>
   </div>
   <div class='ocr_carea' id='block_1_4' title="bbox 367 1488 1135 1668">
    <p class='ocr_par' dir='ltr' id='par_1_4' title="bbox 367 1488 1135 1668">
     <span class='ocr_line' id='line_1_10' title="bbox 367 1488 1135 1587; baseline -0.014 -16"><span class='ocrx_word' id='word_1_49' title='bbox 367 1503 504 1587; x_wconf 72' lang='grc' dir='ltr'><strong><em>Βάκχον,</em></strong></span> <span class='ocrx_word' id='word_1_50' title='bbox 525 1503 617 1569; x_wconf 83' lang='grc' dir='ltr'><strong>καλ</strong></span> <span class='ocrx_word' id='word_1_51' title='bbox 588 1529 639 1568; x_wconf 88' lang='grc' dir='ltr'><strong>τον</strong></span> <span class='ocrx_word' id='word_1_52' title='bbox 655 1488 743 1585; x_wconf 84' lang='grc' dir='ltr'><strong><em>ἔρωτ’</em></strong></span> <span class='ocrx_word' id='word_1_53' title='bbox 759 1497 893 1584; x_wconf 76' lang='grc' dir='ltr'><strong><em>είνὲγειρε</em></strong></span> <span class='ocrx_word' id='word_1_54' title='bbox 906 1501 1135 1583; x_wconf 81' lang='grc' dir='ltr'><strong><em>Θεορίδος,..</em></strong></span> 
     </span>
     <span class='ocr_line' id='line_1_11' title="bbox 412 1586 975 1668; baseline -0.009 -16"><span class='ocrx_word' id='word_1_55' title='bbox 412 1631 576 1651; x_wconf 89' lang='grc'><strong>......</strong></span> <span class='ocrx_word' id='word_1_56' title='bbox 600 1586 677 1663; x_wconf 82' lang='grc' dir='ltr'><strong><em>Ζεδς</em></strong></span> <span class='ocrx_word' id='word_1_57' title='bbox 692 1589 798 1668; x_wconf 78' lang='grc' dir='ltr'><strong><em>ἔπορεν</em></strong></span> <span class='ocrx_word' id='word_1_58' title='bbox 813 1591 975 1665; x_wconf 79' lang='grc' dir='ltr'><strong><em>Σοφοκλεῖ</em></strong></span> 
     </span>
    </p>
   </div>
   <div class='ocr_carea' id='block_1_5' title="bbox 201 1711 1309 1901">
    <p class='ocr_par' dir='ltr' id='par_1_5' title="bbox 201 1711 1309 1880">
     <span class='ocr_line' id='line_1_12' title="bbox 201 1711 1307 1796; baseline -0.007 -19"><span class='ocrx_word' id='word_1_59' title='bbox 201 1719 323 1777; x_wconf 82' lang='lat' dir='ltr'><strong>Lacuna</strong></span> <span class='ocrx_word' id='word_1_60' title='bbox 343 1715 418 1794; x_wconf 91' lang='lat' dir='ltr'><strong>quid</strong></span> <span class='ocrx_word' id='word_1_61' title='bbox 439 1717 640 1792; x_wconf 86' lang='lat' dir='ltr'><strong>continuerit,</strong></span> <span class='ocrx_word' id='word_1_62' title='bbox 662 1716 751 1796; x_wconf 82' lang='lat' dir='ltr'><strong>plane</strong></span> <span class='ocrx_word' id='word_1_63' title='bbox 771 1715 935 1773; x_wconf 82' lang='lat' dir='ltr'><strong>incertum:</strong></span> <span class='ocrx_word' id='word_1_64' title='bbox 963 1711 1018 1771; x_wconf 85' lang='lat' dir='ltr'><strong>sed</strong></span> <span class='ocrx_word' id='word_1_65' title='bbox 1039 1720 1157 1786; x_wconf 83' lang='lat' dir='ltr'><strong>tamen,</strong></span> <span class='ocrx_word' id='word_1_66' title='bbox 1186 1711 1307 1791; x_wconf 86' lang='lat' dir='ltr'>opinor,</span> 
     </span>
     <span class='ocr_line' id='line_1_13' title="bbox 202 1795 1309 1901; baseline -0.007 -40"><span class='ocrx_word' id='word_1_67' title='bbox 202 1811 263 1876; x_wconf 88' lang='lat' dir='ltr'><strong>aut,</strong></span> <span class='ocrx_word' id='word_1_68' title='bbox 284 1799 452 1860; x_wconf 82' lang='lat' dir='ltr'><strong>cuiusmodi</strong></span> <span class='ocrx_word' id='word_1_69' title='bbox 469 1799 542 1880; x_wconf 88' lang='lat' dir='ltr'><strong>qnid</strong></span> <span class='ocrx_word' id='word_1_70' title='bbox 560 1801 730 1901; x_wconf 81' lang='lat' dir='ltr'><strong>suspicatus</strong></span> <span class='ocrx_word' id='word_1_71' title='bbox 744 1808 789 1858; x_wconf 86' lang='lat' dir='ltr'><strong>eat</strong></span> <span class='ocrx_word' id='word_1_72' title='bbox 798 1799 939 1877; x_wconf 79' lang='lat' dir='ltr'><strong>ligonius,</strong></span> <span class='ocrx_word' id='word_1_73' title='bbox 961 1809 1027 1855; x_wconf 85' lang='lat' dir='ltr'><strong>arte</strong></span> <span class='ocrx_word' id='word_1_74' title='bbox 1038 1795 1078 1853; x_wconf 86' lang='lat' dir='ltr'><strong>ab</strong></span> <span class='ocrx_word' id='word_1_75' title='bbox 1090 1797 1160 1855; x_wconf 84' lang='lat' dir='ltr'><strong>love</strong></span> <span class='ocrx_word' id='word_1_76' title='bbox 1173 1808 1309 1876; x_wconf 83' lang='lat' dir='ltr'><strong>accepta,</strong></span> 
     </span>
    </p>
   </div>
   <div class='ocr_carea' id='block_1_6' title="bbox 203 1879 1404 1984">
    <p class='ocr_par' dir='ltr' id='par_1_6' title="bbox 203 1879 1404 1984">
     <span class='ocr_line' id='line_1_14' title="bbox 203 1879 1404 1984; baseline -0.002 -39"><span class='ocrx_word' id='word_1_77' title='bbox 203 1896 239 1945; x_wconf 87' lang='lat' dir='ltr'><strong>ut</strong></span> <span class='ocrx_word' id='word_1_78' title='bbox 256 1879 425 1968; x_wconf 80' lang='grc' dir='ltr'><strong><em>πεχνοσὸφφ</em></strong></span> <span class='ocrx_word' id='word_1_79' title='bbox 443 1887 554 1984; x_wconf 86' lang='grc' dir='ltr'><strong><em>φρενί,</em></strong></span> <span class='ocrx_word' id='word_1_80' title='bbox 575 1880 651 1962; x_wconf 77' lang='grc' dir='ltr'><strong><em>τήν,</em></strong></span> <span class='ocrx_word' id='word_1_81' title='bbox 674 1894 727 1944; x_wconf 89' lang='lat' dir='ltr'><strong>aut</strong></span> <span class='ocrx_word' id='word_1_82' title='bbox 750 1884 788 1944; x_wconf 92' lang='lat' dir='ltr'><strong>de</strong></span> <span class='ocrx_word' id='word_1_83' title='bbox 810 1892 981 1958; x_wconf 77' lang='lat' dir='ltr'><strong>senectute,</strong></span> <span class='ocrx_word' id='word_1_84' title='bbox 1001 1890 1037 1940; x_wconf 89' lang='lat' dir='ltr'><strong>ut</strong></span> <span class='ocrx_word' id='word_1_85' title='bbox 1057 1879 1109 1942; x_wconf 81' lang='grc' dir='ltr'><strong>καί</strong></span> <span class='ocrx_word' id='word_1_86' title='bbox 1123 1885 1235 1977; x_wconf 75' lang='grc' dir='ltr'><strong><em>γεραιῷ</em></strong></span> <span class='ocrx_word' id='word_1_87' title='bbox 1248 1905 1309 1963; x_wconf 88' lang='grc' dir='ltr'><strong>γαρ</strong></span> <span class='ocrx_word' id='word_1_88' title='bbox 1369 1936 1373 1942; x_wconf 90' lang='grc'><strong>.</strong></span> <span class='ocrx_word' id='word_1_89' title='bbox 1401 1879 1404 1884; x_wconf 64' lang='grc'>’</span> 
     </span>
    </p>
   </div>
   <div class='ocr_carea' id='block_1_7' title="bbox 201 1927 1335 4346">
    <p class='ocr_par' dir='ltr' id='par_1_7' title="bbox 203 1927 1021 2052">
     <span class='ocr_line' id='line_1_15' title="bbox 203 1927 1021 2052; baseline -0.011 -18"><span class='ocrx_word' id='word_1_90' title='bbox 203 1969 259 2034; x_wconf 74' lang='grc' dir='ltr'><em>ἕ</em></span> <span class='ocrx_word' id='word_1_91' title='bbox 219 1994 294 2052; x_wconf 89' lang='grc' dir='ltr'><strong><em>ραν,</em></strong></span> <span class='ocrx_word' id='word_1_92' title='bbox 318 1970 486 2042; x_wconf 87' lang='lat' dir='ltr'><strong>utrumvis,</strong></span> <span class='ocrx_word' id='word_1_93' title='bbox 507 1971 578 2030; x_wconf 89' lang='lat' dir='ltr'><strong>siin</strong></span> <span class='ocrx_word' id='word_1_94' title='bbox 594 1970 653 2029; x_wconf 88' lang='lat' dir='ltr'><strong>fine</strong></span> <span class='ocrx_word' id='word_1_95' title='bbox 663 1968 830 2029; x_wconf 79' lang='lat' dir='ltr'><strong>hexametri</strong></span> <span class='ocrx_word' id='word_1_96' title='bbox 845 1961 938 2031; x_wconf 78' lang='grc' dir='ltr'><strong><em>οἶσθα</em></strong></span> <span class='ocrx_word' id='word_1_97' title='bbox 953 1927 1021 2026; x_wconf 73' lang='lat' dir='ltr'><strong>sitit.</strong></span> 
     </span>
    </p>

    <p class='ocr_par' dir='ltr' id='par_1_8' title="bbox 202 2044 1311 2475">
     <span class='ocr_line' id='line_1_16' title="bbox 287 2044 1310 2133; baseline 0 -21"><span class='ocrx_word' id='word_1_98' title='bbox 287 2060 337 2120; x_wconf 75' lang='lat'><strong>62</strong></span> <span class='ocrx_word' id='word_1_99' title='bbox 362 2054 472 2128; x_wconf 87' lang='lat' dir='ltr'><strong>Quod</strong></span> <span class='ocrx_word' id='word_1_100' title='bbox 463 2075 494 2112; x_wconf 90' lang='lat' dir='ltr'><strong>1n</strong></span> <span class='ocrx_word' id='word_1_101' title='bbox 509 2055 593 2114; x_wconf 84' lang='lat' dir='ltr'><strong>libris</strong></span> <span class='ocrx_word' id='word_1_102' title='bbox 613 2065 668 2128; x_wconf 84' lang='lat' dir='ltr'><strong>eat,</strong></span> <span class='ocrx_word' id='word_1_103' title='bbox 691 2053 743 2116; x_wconf 80' lang='grc' dir='ltr'><strong>καὶ</strong></span> <span class='ocrx_word' id='word_1_104' title='bbox 758 2049 882 2115; x_wconf 86' lang='grc' dir='ltr'><strong><em>ποίντον</em></strong></span> <span class='ocrx_word' id='word_1_105' title='bbox 895 2058 983 2133; x_wconf 84' lang='grc' dir='ltr'><strong><em>μῖσος</em></strong></span> <span class='ocrx_word' id='word_1_106' title='bbox 1003 2044 1157 2131; x_wconf 80' lang='grc' dir='ltr'><strong><em>κτοίμενον</em></strong></span> <span class='ocrx_word' id='word_1_107' title='bbox 1170 2049 1203 2113; x_wconf 78' lang='grc' dir='ltr'><strong>ἐκ</strong></span> <span class='ocrx_word' id='word_1_108' title='bbox 1219 2068 1310 2113; x_wconf 85' lang='grc' dir='ltr'><strong><em>συνο-</em></strong></span> 
     </span>
     <span class='ocr_line' id='line_1_17' title="bbox 201 2130 1309 2218; baseline -0.004 -17.996"><span class='ocrx_word' id='word_1_109' title='bbox 201 2141 280 2218; x_wconf 78' lang='grc' dir='ltr'><strong><em>γοῖν,</em></strong></span> <span class='ocrx_word' id='word_1_110' title='bbox 301 2159 356 2218; x_wconf 83' lang='lat' dir='ltr'><strong>ego</strong></span> <span class='ocrx_word' id='word_1_111' title='bbox 371 2139 533 2218; x_wconf 90' lang='lat' dir='ltr'><strong>quidem</strong></span> <span class='ocrx_word' id='word_1_112' title='bbox 509 2161 554 2199; x_wconf 80' lang='lat' dir='ltr'><strong>erc</strong></span> <span class='ocrx_word' id='word_1_113' title='bbox 568 2139 778 2218; x_wconf 85' lang='lat' dir='ltr'><strong>corrigendum</strong></span> <span class='ocrx_word' id='word_1_114' title='bbox 795 2147 887 2218; x_wconf 91' lang='lat' dir='ltr'><strong>puto·</strong></span> <span class='ocrx_word' id='word_1_115' title='bbox 909 2135 961 2198; x_wconf 85' lang='grc' dir='ltr'><strong>καλ</strong></span> <span class='ocrx_word' id='word_1_116' title='bbox 981 2138 1119 2198; x_wconf 81' lang='grc' dir='ltr'><strong><em>σπανίων</em></strong></span> <span class='ocrx_word' id='word_1_117' title='bbox 1134 2141 1221 2215; x_wconf 85' lang='grc' dir='ltr'><strong><em>μῖσος</em></strong></span> <span class='ocrx_word' id='word_1_118' title='bbox 1232 2130 1309 2197; x_wconf 75' lang='lat' dir='ltr'><strong>scoi-</strong></span> 
     </span>
     <span class='ocr_line' id='line_1_18' title="bbox 203 2212 1311 2325; baseline -0.002 -39"><span class='ocrx_word' id='word_1_119' title='bbox 203 2245 296 2302; x_wconf 87' lang='grc' dir='ltr'><strong><em>μενον</em></strong></span> <span class='ocrx_word' id='word_1_120' title='bbox 312 2224 345 2285; x_wconf 78' lang='grc' dir='ltr'><strong>ἐκ</strong></span> <span class='ocrx_word' id='word_1_121' title='bbox 368 2219 514 2287; x_wconf 86' lang='grc' dir='ltr'><strong><em>συνόδου.</em></strong></span> <span class='ocrx_word' id='word_1_122' title='bbox 558 2224 804 2325; x_wconf 87' lang='lat' dir='ltr'><strong>Moschopuius</strong></span> <span class='ocrx_word' id='word_1_123' title='bbox 788 2245 821 2281; x_wconf 90' lang='lat' dir='ltr'><strong>m</strong></span> <span class='ocrx_word' id='word_1_124' title='bbox 839 2223 905 2282; x_wconf 89' lang='lat' dir='ltr'><strong>Vita</strong></span> <span class='ocrx_word' id='word_1_125' title='bbox 922 2221 1093 2302; x_wconf 84' lang='lat' dir='ltr'><strong>Euripidis:</strong></span> <span class='ocrx_word' id='word_1_126' title='bbox 1124 2212 1311 2324; x_wconf 84' lang='grc' dir='ltr'><strong><em>σκυθροπδς</em></strong></span> 
     </span>
     <span class='ocr_line' id='line_1_19' title="bbox 203 2298 1310 2391; baseline -0.002 -21"><span class='ocrx_word' id='word_1_127' title='bbox 203 2305 237 2371; x_wconf 79' lang='grc' dir='ltr'><strong>δὲ</strong></span> <span class='ocrx_word' id='word_1_128' title='bbox 255 2331 288 2370; x_wconf 88' lang='grc' dir='ltr'><strong><em>το</em></strong></span> <span class='ocrx_word' id='word_1_129' title='bbox 276 2300 421 2388; x_wconf 80' lang='grc' dir='ltr'><strong><em>ἦθος</em></strong></span> <span class='ocrx_word' id='word_1_130' title='bbox 398 2333 439 2388; x_wconf 86' lang='grc' dir='ltr'><strong><em>ην</em></strong></span> <span class='ocrx_word' id='word_1_131' title='bbox 456 2309 507 2371; x_wconf 78' lang='grc' dir='ltr'><strong>καί</strong></span> <span class='ocrx_word' id='word_1_132' title='bbox 525 2303 652 2390; x_wconf 84' lang='grc' dir='ltr'><strong><em>σίμειδης</em></strong></span> <span class='ocrx_word' id='word_1_133' title='bbox 673 2309 725 2372; x_wconf 84' lang='grc' dir='ltr'><strong>καὶ</strong></span> <span class='ocrx_word' id='word_1_134' title='bbox 744 2303 868 2391; x_wconf 75' lang='grc' dir='ltr'><strong><em>φεύγων</em></strong></span> <span class='ocrx_word' id='word_1_135' title='bbox 885 2303 939 2381; x_wconf 85' lang='grc' dir='ltr'><strong><em>τυίς</em></strong></span> <span class='ocrx_word' id='word_1_136' title='bbox 959 2307 1138 2380; x_wconf 75' lang='grc' dir='ltr'><strong><em>συνουσίας·</em></strong></span> <span class='ocrx_word' id='word_1_137' title='bbox 1162 2301 1240 2369; x_wconf 85' lang='grc' dir='ltr'><strong><em>σθεν</em></strong></span> <span class='ocrx_word' id='word_1_138' title='bbox 1248 2298 1310 2368; x_wconf 84' lang='grc' dir='ltr'><strong>καλ</strong></span> 
     </span>
     <span class='ocr_line' id='line_1_20' title="bbox 203 2389 545 2475; baseline 0.003 -21"><span class='ocrx_word' id='word_1_139' title='bbox 203 2389 369 2475; x_wconf 78' lang='grc' dir='ltr'><strong><em>μισογύνης</em></strong></span> <span class='ocrx_word' id='word_1_140' title='bbox 383 2391 545 2473; x_wconf 73' lang='grc' dir='ltr'><strong><em>ἐδοξάσθη.</em></strong></span> 
     </span>
    </p>

    <p class='ocr_par' dir='ltr' id='par_1_9' title="bbox 203 2474 1311 3561">
     <span class='ocr_line' id='line_1_21' title="bbox 289 2474 1309 2559; baseline 0.002 -25"><span class='ocrx_word' id='word_1_141' title='bbox 289 2483 338 2543; x_wconf 88' lang='lat'><strong>66</strong></span> <span class='ocrx_word' id='word_1_142' title='bbox 363 2477 520 2537; x_wconf 88' lang='lat' dir='ltr'><strong>Librorum</strong></span> <span class='ocrx_word' id='word_1_143' title='bbox 540 2478 709 2558; x_wconf 84' lang='lat' dir='ltr'><strong>scriptura,</strong></span> <span class='ocrx_word' id='word_1_144' title='bbox 739 2477 889 2559; x_wconf 83' lang='grc' dir='ltr'><strong><em>Αἰγείον,</em></strong></span> <span class='ocrx_word' id='word_1_145' title='bbox 916 2478 942 2534; x_wconf 90' lang='lat' dir='ltr'><strong>si</strong></span> <span class='ocrx_word' id='word_1_146' title='bbox 964 2483 1091 2534; x_wconf 89' lang='lat' dir='ltr'><strong>accentu</strong></span> <span class='ocrx_word' id='word_1_147' title='bbox 1113 2482 1229 2534; x_wconf 86' lang='lat' dir='ltr'><strong>mutato</strong></span> <span class='ocrx_word' id='word_1_148' title='bbox 1250 2474 1309 2536; x_wconf 84' lang='lat' dir='ltr'><strong>At-</strong></span> 
     </span>
     <span class='ocr_line' id='line_1_22' title="bbox 203 2558 1308 2644; baseline -0.005 -21"><span class='ocrx_word' id='word_1_149' title='bbox 203 2564 295 2644; x_wconf 86' lang='grc' dir='ltr'><strong><em>γειοῖν</em></strong></span> <span class='ocrx_word' id='word_1_150' title='bbox 310 2571 491 2641; x_wconf 85' lang='lat' dir='ltr'><strong>reponatur,</strong></span> <span class='ocrx_word' id='word_1_151' title='bbox 513 2563 714 2641; x_wconf 87' lang='lat' dir='ltr'><strong>iungaturque</strong></span> <span class='ocrx_word' id='word_1_152' title='bbox 726 2582 760 2621; x_wconf 90' lang='lat' dir='ltr'><strong>ea</strong></span> <span class='ocrx_word' id='word_1_153' title='bbox 774 2582 835 2621; x_wconf 85' lang='lat' dir='ltr'><strong>vox</strong></span> <span class='ocrx_word' id='word_1_154' title='bbox 851 2581 920 2620; x_wconf 92' lang='lat' dir='ltr'><strong>cum</strong></span> <span class='ocrx_word' id='word_1_155' title='bbox 934 2558 1184 2641; x_wconf 74' lang='lat' dir='ltr'><strong>praecedentibus</strong></span> <span class='ocrx_word' id='word_1_156' title='bbox 1195 2559 1308 2631; x_wconf 84' lang='lat' dir='ltr'><strong>verbis,</strong></span> 
     </span>
     <span class='ocr_line' id='line_1_23' title="bbox 203 2643 1311 2742; baseline -0.002 -36"><span class='ocrx_word' id='word_1_157' title='bbox 203 2665 261 2727; x_wconf 91' lang='lat' dir='ltr'><strong>per</strong></span> <span class='ocrx_word' id='word_1_158' title='bbox 276 2666 307 2705; x_wconf 90' lang='lat' dir='ltr'><strong>se</strong></span> <span class='ocrx_word' id='word_1_159' title='bbox 320 2645 397 2705; x_wconf 84' lang='lat' dir='ltr'><strong>nihil</strong></span> <span class='ocrx_word' id='word_1_160' title='bbox 409 2645 516 2719; x_wconf 89' lang='lat' dir='ltr'><strong>habet,</strong></span> <span class='ocrx_word' id='word_1_161' title='bbox 538 2649 621 2728; x_wconf 88' lang='lat' dir='ltr'><strong>quod</strong></span> <span class='ocrx_word' id='word_1_162' title='bbox 639 2647 806 2728; x_wconf 86' lang='lat' dir='ltr'><strong>improbari</strong></span> <span class='ocrx_word' id='word_1_163' title='bbox 820 2647 935 2726; x_wconf 85' lang='lat' dir='ltr'><strong>possit,</strong></span> <span class='ocrx_word' id='word_1_164' title='bbox 961 2643 1109 2742; x_wconf 85' lang='lat' dir='ltr'><strong>siquidem</strong></span> <span class='ocrx_word' id='word_1_165' title='bbox 1126 2644 1200 2705; x_wconf 86' lang='lat' dir='ltr'><strong>urbs</strong></span> <span class='ocrx_word' id='word_1_166' title='bbox 1212 2645 1311 2723; x_wconf 80' lang='lat' dir='ltr'><strong>Aegea</strong></span> 
     </span>
     <span class='ocr_line' id='line_1_24' title="bbox 205 2729 1310 2832; baseline 0.001 -43"><span class='ocrx_word' id='word_1_167' title='bbox 205 2729 390 2791; x_wconf 81' lang='lat' dir='ltr'><strong>Macedonici</strong></span> <span class='ocrx_word' id='word_1_168' title='bbox 405 2733 490 2832; x_wconf 76' lang='lat' dir='ltr'><strong>regni</strong></span> <span class='ocrx_word' id='word_1_169' title='bbox 511 2734 595 2793; x_wconf 87' lang='lat' dir='ltr'><strong>sedes</strong></span> <span class='ocrx_word' id='word_1_170' title='bbox 611 2733 677 2792; x_wconf 90' lang='lat' dir='ltr'><strong>suit.</strong></span> <span class='ocrx_word' id='word_1_171' title='bbox 719 2731 812 2792; x_wconf 87' lang='lat' dir='ltr'><strong>Non</strong></span> <span class='ocrx_word' id='word_1_172' title='bbox 802 2741 905 2812; x_wconf 89' lang='lat' dir='ltr'><strong>mepte</strong></span> <span class='ocrx_word' id='word_1_173' title='bbox 917 2739 1016 2790; x_wconf 84' lang='lat' dir='ltr'><strong>tamen</strong></span> <span class='ocrx_word' id='word_1_174' title='bbox 1031 2729 1129 2788; x_wconf 85' lang='lat' dir='ltr'><strong>critici</strong></span> <span class='ocrx_word' id='word_1_175' title='bbox 1136 2731 1310 2809; x_wconf 79' lang='lat' dir='ltr'><strong>,quonium</strong></span> 
     </span>
     <span class='ocr_line' id='line_1_25' title="bbox 206 2815 1311 2896; baseline -0.001 -21"><span class='ocrx_word' id='word_1_176' title='bbox 206 2825 393 2877; x_wconf 83' lang='lat' dir='ltr'><strong>caeterorum</strong></span> <span class='ocrx_word' id='word_1_177' title='bbox 413 2819 523 2878; x_wconf 84' lang='lat' dir='ltr'><strong>amicae</strong></span> <span class='ocrx_word' id='word_1_178' title='bbox 538 2819 723 2879; x_wconf 90' lang='lat' dir='ltr'><strong>eruditorum</strong></span> <span class='ocrx_word' id='word_1_179' title='bbox 737 2816 891 2877; x_wconf 89' lang='lat' dir='ltr'><strong>bominum</strong></span> <span class='ocrx_word' id='word_1_180' title='bbox 906 2837 1008 2875; x_wconf 86' lang='lat' dir='ltr'><strong>omnes</strong></span> <span class='ocrx_word' id='word_1_181' title='bbox 1023 2815 1198 2874; x_wconf 89' lang='lat' dir='ltr'><strong>nominatim</strong></span> <span class='ocrx_word' id='word_1_182' title='bbox 1216 2825 1311 2896; x_wconf 91' lang='lat' dir='ltr'><strong>poeta</strong></span> 
     </span>
     <span class='ocr_line' id='line_1_26' title="bbox 205 2899 1309 2998; baseline 0 -38"><span class='ocrx_word' id='word_1_183' title='bbox 205 2912 359 2976; x_wconf 85' lang='lat' dir='ltr'><strong>memorat,</strong></span> <span class='ocrx_word' id='word_1_184' title='bbox 381 2900 432 2962; x_wconf 90' lang='lat' dir='ltr'><strong>hic</strong></span> <span class='ocrx_word' id='word_1_185' title='bbox 446 2925 565 2983; x_wconf 87' lang='lat' dir='ltr'><strong>quoque</strong></span> <span class='ocrx_word' id='word_1_186' title='bbox 578 2905 713 2963; x_wconf 86' lang='lat' dir='ltr'><strong>mulieris</strong></span> <span class='ocrx_word' id='word_1_187' title='bbox 729 2924 852 2974; x_wconf 85' lang='lat' dir='ltr'><strong>nomen,</strong></span> <span class='ocrx_word' id='word_1_188' title='bbox 875 2922 965 2980; x_wconf 86' lang='lat' dir='ltr'><strong>quam</strong></span> <span class='ocrx_word' id='word_1_189' title='bbox 980 2899 1139 2998; x_wconf 83' lang='lat' dir='ltr'><strong>Euripides</strong></span> <span class='ocrx_word' id='word_1_190' title='bbox 1154 2903 1309 2978; x_wconf 87' lang='lat' dir='ltr'><strong>amaverit,</strong></span> 
     </span>
     <span class='ocr_line' id='line_1_27' title="bbox 204 2945 1310 3069; baseline 0.001 -24"><span class='ocrx_word' id='word_1_191' title='bbox 204 2986 299 3046; x_wconf 85' lang='lat' dir='ltr'><strong>latere</strong></span> <span class='ocrx_word' id='word_1_192' title='bbox 319 2995 388 3046; x_wconf 87' lang='lat' dir='ltr'><strong>sunt</strong></span> <span class='ocrx_word' id='word_1_193' title='bbox 404 2991 557 3069; x_wconf 88' lang='lat' dir='ltr'><strong>suspicati.</strong></span> <span class='ocrx_word' id='word_1_194' title='bbox 599 2988 659 3048; x_wconf 85' lang='lat' dir='ltr'><strong>Sed</strong></span> <span class='ocrx_word' id='word_1_195' title='bbox 674 2989 706 3047; x_wconf 90' lang='lat' dir='ltr'><strong>id</strong></span> <span class='ocrx_word' id='word_1_196' title='bbox 727 2991 814 3067; x_wconf 89' lang='lat' dir='ltr'><strong>quale</strong></span> <span class='ocrx_word' id='word_1_197' title='bbox 830 2986 938 3063; x_wconf 87' lang='lat' dir='ltr'><strong>fuerit,</strong></span> <span class='ocrx_word' id='word_1_198' title='bbox 959 2986 1025 3065; x_wconf 92' lang='lat' dir='ltr'><strong>quis</strong></span> <span class='ocrx_word' id='word_1_199' title='bbox 1045 2995 1127 3044; x_wconf 87' lang='lat' dir='ltr'><strong>certo</strong></span> <span class='ocrx_word' id='word_1_200' title='bbox 1144 2985 1250 3046; x_wconf 74' lang='lat' dir='ltr'><strong>dicat?</strong></span> <span class='ocrx_word' id='word_1_201' title='bbox 1270 2945 1310 3046; x_wconf 80' lang='lat'><strong>16</strong></span> 
     </span>
     <span class='ocr_line' id='line_1_28' title="bbox 205 3065 1309 3178; baseline 0.004 -48"><span class='ocrx_word' id='word_1_202' title='bbox 205 3070 275 3130; x_wconf 85' lang='lat' dir='ltr'><strong>Vita</strong></span> <span class='ocrx_word' id='word_1_203' title='bbox 298 3071 488 3178; x_wconf 88' lang='lat' dir='ltr'><strong>Moscbopuli</strong></span> <span class='ocrx_word' id='word_1_204' title='bbox 509 3073 584 3133; x_wconf 90' lang='lat' dir='ltr'><strong>haec</strong></span> <span class='ocrx_word' id='word_1_205' title='bbox 605 3083 720 3134; x_wconf 87' lang='lat' dir='ltr'><strong>tantum</strong></span> <span class='ocrx_word' id='word_1_206' title='bbox 737 3076 830 3132; x_wconf 87' lang='lat' dir='ltr'><strong>relata</strong></span> <span class='ocrx_word' id='word_1_207' title='bbox 850 3081 937 3131; x_wconf 83' lang='lat' dir='ltr'><strong>sunt:</strong></span> <span class='ocrx_word' id='word_1_208' title='bbox 968 3070 1063 3151; x_wconf 74' lang='grc' dir='ltr'><strong><em>ἕτερον</em></strong></span> <span class='ocrx_word' id='word_1_209' title='bbox 1085 3067 1149 3132; x_wconf 73' lang='grc' dir='ltr'><strong>δὲ’</strong></span> <span class='ocrx_word' id='word_1_210' title='bbox 1136 3065 1309 3151; x_wconf 84' lang='grc' dir='ltr'><strong><em>ιστιίρησαν,</em></strong></span> 
     </span>
     <span class='ocr_line' id='line_1_29' title="bbox 206 3148 1310 3262; baseline 0.001 -44"><span class='ocrx_word' id='word_1_211' title='bbox 206 3148 275 3256; x_wconf 84' lang='grc' dir='ltr'><strong><em>οιίχ</em></strong></span> <span class='ocrx_word' id='word_1_212' title='bbox 281 3153 345 3218; x_wconf 65' lang='lat' dir='ltr'><strong>sirco*</strong></span> <span class='ocrx_word' id='word_1_213' title='bbox 369 3162 487 3234; x_wconf 85' lang='grc' dir='ltr'><strong><em>κυναῖν,</em></strong></span> <span class='ocrx_word' id='word_1_214' title='bbox 519 3153 588 3220; x_wconf 77' lang='grc' dir='ltr'><strong><em>ἄλλ’</em></strong></span> <span class='ocrx_word' id='word_1_215' title='bbox 607 3155 669 3220; x_wconf 82' lang='grc' dir='ltr'><strong><em>ιίπδ</em></strong></span> <span class='ocrx_word' id='word_1_216' title='bbox 693 3162 845 3262; x_wconf 78' lang='grc' dir='ltr'><strong><em>γυναικοῖν</em></strong></span> <span class='ocrx_word' id='word_1_217' title='bbox 867 3150 961 3219; x_wconf 81' lang='grc' dir='ltr'><strong><em>αιίτδν</em></strong></span> <span class='ocrx_word' id='word_1_218' title='bbox 979 3157 1223 3261; x_wconf 78' lang='grc' dir='ltr'><strong><em>διασπασθῆναι,</em></strong></span> <span class='ocrx_word' id='word_1_219' title='bbox 1253 3180 1310 3219; x_wconf 87' lang='grc' dir='ltr'><strong>πο-</strong></span> 
     </span>
     <span class='ocr_line' id='line_1_30' title="bbox 206 3233 1309 3349; baseline 0.003 -48"><span class='ocrx_word' id='word_1_220' title='bbox 206 3233 371 3346; x_wconf 81' lang='grc' dir='ltr'><strong><em>ρευᾶμενον</em></strong></span> <span class='ocrx_word' id='word_1_221' title='bbox 387 3236 464 3323; x_wconf 83' lang='grc' dir='ltr'><strong><em>σίορλ</em></strong></span> <span class='ocrx_word' id='word_1_222' title='bbox 479 3240 555 3323; x_wconf 79' lang='grc' dir='ltr'><strong><em>πρὸς</em></strong></span> <span class='ocrx_word' id='word_1_223' title='bbox 576 3241 739 3349; x_wconf 81' lang='grc' dir='ltr'><strong><em>Κροίτερον</em></strong></span> <span class='ocrx_word' id='word_1_224' title='bbox 744 3240 798 3305; x_wconf 85' lang='grc' dir='ltr'><strong><em>τδν</em></strong></span> <span class='ocrx_word' id='word_1_225' title='bbox 817 3239 969 3323; x_wconf 79' lang='grc' dir='ltr'><strong><em>ἕρσίμενου</em></strong></span> <span class='ocrx_word' id='word_1_226' title='bbox 980 3234 1155 3320; x_wconf 83' lang='grc' dir='ltr'><strong><em>Ἀρχελαου.</em></strong></span> <span class='ocrx_word' id='word_1_227' title='bbox 1177 3240 1229 3303; x_wconf 80' lang='grc' dir='ltr'><strong>καί</strong></span> <span class='ocrx_word' id='word_1_228' title='bbox 1249 3238 1309 3324; x_wconf 84' lang='grc' dir='ltr'><strong><em>γσίρ</em></strong></span> 
     </span>
     <span class='ocr_line' id='line_1_31' title="bbox 207 3318 1310 3433; baseline 0.002 -47"><span class='ocrx_word' id='word_1_229' title='bbox 207 3330 289 3431; x_wconf 84' lang='grc' dir='ltr'><strong><em>σχεῖν</em></strong></span> <span class='ocrx_word' id='word_1_230' title='bbox 306 3318 399 3387; x_wconf 80' lang='grc' dir='ltr'><strong><em>αιίπίν</em></strong></span> <span class='ocrx_word' id='word_1_231' title='bbox 417 3351 469 3389; x_wconf 88' lang='grc' dir='ltr'><strong>και</strong></span> <span class='ocrx_word' id='word_1_232' title='bbox 485 3329 568 3433; x_wconf 84' lang='grc' dir='ltr'><strong><em>περι</em></strong></span> <span class='ocrx_word' id='word_1_233' title='bbox 569 3353 640 3402; x_wconf 85' lang='grc' dir='ltr'><strong><em>τους</em></strong></span> <span class='ocrx_word' id='word_1_234' title='bbox 654 3324 812 3402; x_wconf 78' lang='grc' dir='ltr'><strong><em>τοιούτους</em></strong></span> <span class='ocrx_word' id='word_1_235' title='bbox 827 3328 946 3405; x_wconf 77' lang='grc' dir='ltr'><strong><em>ἔρωτας</em></strong></span> <span class='ocrx_word' id='word_1_236' title='bbox 969 3329 1000 3388; x_wconf 93' lang='grc' dir='ltr'><strong><em>οι</em></strong></span> <span class='ocrx_word' id='word_1_237' title='bbox 993 3324 1064 3399; x_wconf 83' lang='grc' dir='ltr'><strong>δέ,</strong></span> <span class='ocrx_word' id='word_1_238' title='bbox 1084 3322 1160 3405; x_wconf 86' lang='grc' dir='ltr'><strong><em>πρδς</em></strong></span> <span class='ocrx_word' id='word_1_239' title='bbox 1178 3350 1236 3405; x_wconf 85' lang='grc' dir='ltr'><strong><em>την</em></strong></span> <span class='ocrx_word' id='word_1_240' title='bbox 1251 3352 1310 3408; x_wconf 89' lang='grc' dir='ltr'><strong>γα-</strong></span> 
     </span>
     <span class='ocr_line' id='line_1_32' title="bbox 206 3407 1308 3495; baseline 0.001 -25"><span class='ocrx_word' id='word_1_241' title='bbox 206 3432 300 3489; x_wconf 85' lang='grc' dir='ltr'><strong><em>μετην</em></strong></span> <span class='ocrx_word' id='word_1_242' title='bbox 315 3413 480 3474; x_wconf 85' lang='grc' dir='ltr'><strong><em>Νικοδίκου</em></strong></span> <span class='ocrx_word' id='word_1_243' title='bbox 494 3437 548 3475; x_wconf 88' lang='grc' dir='ltr'><strong><em>του</em></strong></span> <span class='ocrx_word' id='word_1_244' title='bbox 536 3407 766 3491; x_wconf 81' lang='grc' dir='ltr'><strong><em>Ἀρεθουσίου.</em></strong></span> <span class='ocrx_word' id='word_1_245' title='bbox 809 3412 920 3472; x_wconf 85' lang='lat' dir='ltr'><strong>Eadem</strong></span> <span class='ocrx_word' id='word_1_246' title='bbox 933 3410 1014 3495; x_wconf 87' lang='lat' dir='ltr'><strong>apud</strong></span> <span class='ocrx_word' id='word_1_247' title='bbox 1026 3410 1148 3469; x_wconf 90' lang='lat' dir='ltr'><strong>Suidam</strong></span> <span class='ocrx_word' id='word_1_248' title='bbox 1159 3421 1308 3491; x_wconf 88' lang='lat' dir='ltr'><strong>prostant,</strong></span> 
     </span>
     <span class='ocr_line' id='line_1_33' title="bbox 206 3492 847 3561; baseline 0.002 -5"><span class='ocrx_word' id='word_1_249' title='bbox 206 3494 260 3556; x_wconf 83' lang='lat' dir='ltr'><strong>ubi</strong></span> <span class='ocrx_word' id='word_1_250' title='bbox 276 3492 327 3552; x_wconf 90' lang='lat' dir='ltr'><strong>hic</strong></span> <span class='ocrx_word' id='word_1_251' title='bbox 343 3496 503 3556; x_wconf 89' lang='lat' dir='ltr'><strong>Nicodicus</strong></span> <span class='ocrx_word' id='word_1_252' title='bbox 519 3499 698 3558; x_wconf 92' lang='lat' dir='ltr'><strong>Nicodemus</strong></span> <span class='ocrx_word' id='word_1_253' title='bbox 712 3509 847 3561; x_wconf 80' lang='lat' dir='ltr'><strong>vocatur.</strong></span> 
     </span>
    </p>

    <p class='ocr_par' dir='ltr' id='par_1_10' title="bbox 203 3577 1335 4346">
     <span class='ocr_line' id='line_1_34' title="bbox 294 3577 1310 3662; baseline -0.003 -17"><span class='ocrx_word' id='word_1_254' title='bbox 294 3585 344 3645; x_wconf 85' lang='lat'><strong>67.</strong></span> <span class='ocrx_word' id='word_1_255' title='bbox 367 3581 449 3646; x_wconf 81' lang='lat' dir='ltr'><strong>MSS.</strong></span> <span class='ocrx_word' id='word_1_256' title='bbox 475 3577 570 3655; x_wconf 82' lang='grc' dir='ltr'><strong><em>είςοκε</em></strong></span> <span class='ocrx_word' id='word_1_257' title='bbox 586 3585 715 3662; x_wconf 84' lang='grc' dir='ltr'><strong><em>δαίμων</em></strong></span> <span class='ocrx_word' id='word_1_258' title='bbox 745 3585 823 3643; x_wconf 89' lang='lat' dir='ltr'><strong>Edd.</strong></span> <span class='ocrx_word' id='word_1_259' title='bbox 837 3583 918 3642; x_wconf 86' lang='lat' dir='ltr'><strong>mter</strong></span> <span class='ocrx_word' id='word_1_260' title='bbox 933 3579 988 3640; x_wconf 84' lang='lat' dir='ltr'><strong>has</strong></span> <span class='ocrx_word' id='word_1_261' title='bbox 1002 3600 1093 3640; x_wconf 87' lang='lat' dir='ltr'><strong>voces</strong></span> <span class='ocrx_word' id='word_1_262' title='bbox 1107 3604 1153 3642; x_wconf 87' lang='grc' dir='ltr'><strong><em>τοι</em></strong></span> <span class='ocrx_word' id='word_1_263' title='bbox 1171 3581 1310 3642; x_wconf 88' lang='lat' dir='ltr'><strong>inserunt</strong></span> 
     </span>
     <span class='ocr_line' id='line_1_35' title="bbox 207 3663 1307 3748; baseline 0.004 -27"><span class='ocrx_word' id='word_1_264' title='bbox 207 3663 299 3736; x_wconf 90' lang='lat' dir='ltr'><strong>Quod</strong></span> <span class='ocrx_word' id='word_1_265' title='bbox 311 3686 433 3726; x_wconf 81' lang='lat' dir='ltr'><strong>servans</strong></span> <span class='ocrx_word' id='word_1_266' title='bbox 454 3668 606 3726; x_wconf 81' lang='lat' dir='ltr'><strong>Porsenna</strong></span> <span class='ocrx_word' id='word_1_267' title='bbox 623 3663 777 3748; x_wconf 78' lang='grc' dir='ltr'><strong><em>Ιδιίριπίδη</em></strong></span> <span class='ocrx_word' id='word_1_268' title='bbox 791 3668 932 3728; x_wconf 88' lang='lat' dir='ltr'><strong>vocativo</strong></span> <span class='ocrx_word' id='word_1_269' title='bbox 956 3686 1048 3726; x_wconf 89' lang='lat' dir='ltr'><strong>causu</strong></span> <span class='ocrx_word' id='word_1_270' title='bbox 1066 3666 1158 3724; x_wconf 89' lang='lat' dir='ltr'><strong>scribi</strong></span> <span class='ocrx_word' id='word_1_271' title='bbox 1176 3667 1307 3728; x_wconf 88' lang='lat' dir='ltr'><strong>volebat.</strong></span> 
     </span>
     <span class='ocr_line' id='line_1_36' title="bbox 207 3747 1311 3830; baseline 0.006 -24"><span class='ocrx_word' id='word_1_272' title='bbox 207 3748 301 3827; x_wconf 90' lang='lat' dir='ltr'><strong>quue</strong></span> <span class='ocrx_word' id='word_1_273' title='bbox 316 3752 434 3810; x_wconf 89' lang='lat' dir='ltr'><strong>omnino</strong></span> <span class='ocrx_word' id='word_1_274' title='bbox 451 3762 481 3811; x_wconf 91' lang='lat' dir='ltr'><strong>et</strong></span> <span class='ocrx_word' id='word_1_275' title='bbox 495 3753 657 3830; x_wconf 83' lang='lat' dir='ltr'><strong>elegantius</strong></span> <span class='ocrx_word' id='word_1_276' title='bbox 680 3763 726 3812; x_wconf 87' lang='lat' dir='ltr'><strong>eat</strong></span> <span class='ocrx_word' id='word_1_277' title='bbox 735 3774 854 3829; x_wconf 90' lang='lat' dir='ltr'><strong>,quam</strong></span> <span class='ocrx_word' id='word_1_278' title='bbox 870 3753 897 3812; x_wconf 86' lang='lat' dir='ltr'><strong>si</strong></span> <span class='ocrx_word' id='word_1_279' title='bbox 918 3753 985 3830; x_wconf 86' lang='lat' dir='ltr'><strong>quis</strong></span> <span class='ocrx_word' id='word_1_280' title='bbox 1003 3751 1095 3810; x_wconf 89' lang='lat' dir='ltr'><strong>scribi</strong></span> <span class='ocrx_word' id='word_1_281' title='bbox 1113 3751 1203 3810; x_wconf 89' lang='lat' dir='ltr'><strong>vellet</strong></span> <span class='ocrx_word' id='word_1_282' title='bbox 1215 3747 1311 3824; x_wconf 82' lang='grc' dir='ltr'><strong><em>είςόκε</em></strong></span> 
     </span>
     <span class='ocr_line' id='line_1_37' title="bbox 207 3828 1310 3943; baseline 0.003 -50"><span class='ocrx_word' id='word_1_283' title='bbox 207 3856 253 3906; x_wconf 85' lang='grc' dir='ltr'><strong>τις</strong></span> <span class='ocrx_word' id='word_1_284' title='bbox 267 3835 383 3913; x_wconf 85' lang='grc' dir='ltr'><strong><em>δαίμων</em></strong></span> <span class='ocrx_word' id='word_1_285' title='bbox 402 3828 575 3943; x_wconf 66' lang='grc' dir='ltr'><strong><em>Εὐριπίδη,</em></strong></span> <span class='ocrx_word' id='word_1_286' title='bbox 597 3847 643 3912; x_wconf 85' lang='lat' dir='ltr'><strong>et,</strong></span> <span class='ocrx_word' id='word_1_287' title='bbox 666 3839 723 3896; x_wconf 75' lang='lat' dir='ltr'><strong>nisi</strong></span> <span class='ocrx_word' id='word_1_288' title='bbox 716 3838 844 3913; x_wconf 83' lang='lat' dir='ltr'><strong>&#39;fallor,</strong></span> <span class='ocrx_word' id='word_1_289' title='bbox 868 3838 955 3896; x_wconf 89' lang='lat' dir='ltr'><strong>etiam</strong></span> <span class='ocrx_word' id='word_1_290' title='bbox 970 3839 1081 3896; x_wconf 83' lang='lat' dir='ltr'><strong>rectius</strong></span> <span class='ocrx_word' id='word_1_291' title='bbox 1097 3847 1224 3916; x_wconf 88' lang='lat' dir='ltr'><strong>propter</strong></span> <span class='ocrx_word' id='word_1_292' title='bbox 1237 3856 1310 3896; x_wconf 86' lang='lat' dir='ltr'><strong>ver-</strong></span> 
     </span>
     <span class='ocr_line' id='line_1_38' title="bbox 206 3885 1307 4031; baseline 0.002 -53"><span class='ocrx_word' id='word_1_293' title='bbox 206 3918 279 3978; x_wconf 92' lang='lat' dir='ltr'><strong>bum</strong></span> <span class='ocrx_word' id='word_1_294' title='bbox 296 3919 476 3980; x_wconf 89' lang='lat' dir='ltr'><strong>medium</strong></span> <span class='ocrx_word' id='word_1_295' title='bbox 441 3945 560 4002; x_wconf 85' lang='grc' dir='ltr'><strong><em>εορετσ,</em></strong></span> <span class='ocrx_word' id='word_1_296' title='bbox 583 3885 665 4031; x_wconf 79' lang='lat' dir='ltr'><strong>qudd</strong></span> <span class='ocrx_word' id='word_1_297' title='bbox 678 3924 823 4003; x_wconf 89' lang='lat' dir='ltr'><strong>praebent</strong></span> <span class='ocrx_word' id='word_1_298' title='bbox 837 3922 925 3982; x_wconf 87' lang='lat' dir='ltr'><strong>codd.</strong></span> <span class='ocrx_word' id='word_1_299' title='bbox 942 3921 1015 3982; x_wconf 89' lang='lat' dir='ltr'><strong>Ven.</strong></span> <span class='ocrx_word' id='word_1_300' title='bbox 1027 3931 1056 3980; x_wconf 89' lang='lat' dir='ltr'><strong>et</strong></span> <span class='ocrx_word' id='word_1_301' title='bbox 1069 3923 1155 3983; x_wconf 89' lang='lat' dir='ltr'><strong>Laur.</strong></span> <span class='ocrx_word' id='word_1_302' title='bbox 1168 3942 1226 4000; x_wconf 89' lang='lat' dir='ltr'><strong>pro</strong></span> <span class='ocrx_word' id='word_1_303' title='bbox 1241 3922 1307 3982; x_wconf 86' lang='lat' dir='ltr'><strong>Pal.</strong></span> 
     </span>
     <span class='ocr_line' id='line_1_39' title="bbox 209 3999 1309 4112; baseline 0.004 -49"><span class='ocrx_word' id='word_1_304' title='bbox 209 4011 239 4063; x_wconf 85' lang='lat' dir='ltr'><strong>et</strong></span> <span class='ocrx_word' id='word_1_305' title='bbox 257 4002 423 4064; x_wconf 90' lang='lat' dir='ltr'><strong>editionum</strong></span> <span class='ocrx_word' id='word_1_306' title='bbox 442 4008 593 4086; x_wconf 86' lang='lat' dir='ltr'><strong>scriptura</strong></span> <span class='ocrx_word' id='word_1_307' title='bbox 611 4000 708 4112; x_wconf 86' lang='grc' dir='ltr'><strong><em>ευρεν</em></strong></span> <span class='ocrx_word' id='word_1_308' title='bbox 755 4010 910 4068; x_wconf 88' lang='lat' dir='ltr'><strong>Caeterum</strong></span> <span class='ocrx_word' id='word_1_309' title='bbox 925 4006 1082 4066; x_wconf 86' lang='lat' dir='ltr'><strong>severioris</strong></span> <span class='ocrx_word' id='word_1_310' title='bbox 1096 3999 1309 4084; x_wconf 88' lang='lat' dir='ltr'><strong>grammaticae</strong></span> 
     </span>
     <span class='ocr_line' id='line_1_40' title="bbox 208 4083 1308 4172; baseline 0.003 -25"><span class='ocrx_word' id='word_1_311' title='bbox 208 4089 287 4147; x_wconf 88' lang='lat' dir='ltr'><strong>ratio</strong></span> <span class='ocrx_word' id='word_1_312' title='bbox 304 4083 397 4162; x_wconf 81' lang='grc' dir='ltr'><strong><em>είςιίτε</em></strong></span> <span class='ocrx_word' id='word_1_313' title='bbox 409 4094 524 4169; x_wconf 85' lang='lat' dir='ltr'><strong>potius,</strong></span> <span class='ocrx_word' id='word_1_314' title='bbox 546 4115 663 4171; x_wconf 87' lang='lat' dir='ltr'><strong>quame</strong></span> <span class='ocrx_word' id='word_1_315' title='bbox 650 4087 742 4166; x_wconf 82' lang='grc' dir='ltr'><strong><em>εἰςίκε</em></strong></span> <span class='ocrx_word' id='word_1_316' title='bbox 760 4093 899 4172; x_wconf 86' lang='lat' dir='ltr'><strong>requirit.</strong></span> <span class='ocrx_word' id='word_1_317' title='bbox 942 4092 1102 4152; x_wconf 87' lang='lat' dir='ltr'><strong>Permultis</strong></span> <span class='ocrx_word' id='word_1_318' title='bbox 1116 4101 1217 4150; x_wconf 85' lang='lat' dir='ltr'><strong>tamen</strong></span> <span class='ocrx_word' id='word_1_319' title='bbox 1230 4092 1308 4151; x_wconf 89' lang='lat' dir='ltr'><strong>locis</strong></span> 
     </span>
     <span class='ocr_line' id='line_1_41' title="bbox 208 4171 1335 4257; baseline 0.005 -27"><span class='ocrx_word' id='word_1_320' title='bbox 208 4171 288 4251; x_wconf 83' lang='lat' dir='ltr'><strong>apud</strong></span> <span class='ocrx_word' id='word_1_321' title='bbox 299 4173 477 4235; x_wconf 87' lang='lat' dir='ltr'><strong>recentiores</strong></span> <span class='ocrx_word' id='word_1_322' title='bbox 493 4188 595 4256; x_wconf 89' lang='lat' dir='ltr'><strong>poetas</strong></span> <span class='ocrx_word' id='word_1_323' title='bbox 612 4176 704 4252; x_wconf 80' lang='grc' dir='ltr'><strong><em>είςίνκε</em></strong></span> <span class='ocrx_word' id='word_1_324' title='bbox 718 4199 785 4238; x_wconf 93' lang='lat' dir='ltr'><strong>cum</strong></span> <span class='ocrx_word' id='word_1_325' title='bbox 797 4178 968 4238; x_wconf 86' lang='lat' dir='ltr'><strong>indicativis</strong></span> <span class='ocrx_word' id='word_1_326' title='bbox 991 4176 1220 4257; x_wconf 84' lang='lat' dir='ltr'><strong>praeteritorum</strong></span> <span class='ocrx_word' id='word_1_327' title='bbox 1235 4197 1308 4236; x_wconf 87' lang='lat' dir='ltr'><strong>con·</strong></span> <span class='ocrx_word' id='word_1_328' title='bbox 1332 4178 1335 4183; x_wconf 78' lang='grc'><strong>’</strong></span> 
     </span>
     <span class='ocr_line' id='line_1_42' title="bbox 203 4262 1308 4346; baseline 0.005 -29"><span class='ocrx_word' id='word_1_329' title='bbox 203 4267 355 4319; x_wconf 85' lang='lat' dir='ltr'><strong>structum</strong></span> <span class='ocrx_word' id='word_1_330' title='bbox 368 4259 534 4340; x_wconf 72' lang='lat' dir='ltr'><strong>uniemur,</strong></span> <span class='ocrx_word' id='word_1_331' title='bbox 558 4274 592 4324; x_wconf 87' lang='lat' dir='ltr'><strong>ut</strong></span> <span class='ocrx_word' id='word_1_332' title='bbox 612 4264 679 4325; x_wconf 88' lang='lat' dir='ltr'><strong>iure</strong></span> <span class='ocrx_word' id='word_1_333' title='bbox 695 4262 827 4325; x_wconf 83' lang='lat' dir='ltr'><strong>dubitari</strong></span> <span class='ocrx_word' id='word_1_334' title='bbox 846 4265 961 4346; x_wconf 85' lang='lat' dir='ltr'><strong>possit,</strong></span> <span class='ocrx_word' id='word_1_335' title='bbox 982 4262 1175 4324; x_wconf 86' lang='lat' dir='ltr'><strong>librariiaue</strong></span> <span class='ocrx_word' id='word_1_336' title='bbox 1166 4263 1308 4343; x_wconf 78' lang='lat' dir='ltr'><strong>amputari</strong></span> 
     </span>
    </p>
   </div>
   <div class='ocr_carea' id='block_1_8' title="bbox 0 0 1469 4890">
    <p class='ocr_par' dir='ltr' id='par_1_11' title="bbox 0 0 1469 4890">
     <span class='ocr_line' id='line_1_43' title="bbox 0 0 1469 4890; baseline 0 0"><span class='ocrx_word' id='word_1_337' title='bbox 0 0 1469 4890; x_wconf 95' lang='lat' dir='ltr'><strong> </strong></span> 
     </span>
    </p>
   </div>
  </div>
 </body>
</html>
