2918 4890
562 273 648 336 Lm.
670 275 694 337 1.
739 275 836 342 CdP.
856 283 889 343 9.
1237 284 1281 348 bb

159 463 400 560 νομοθέτηςς
431 462 470 532 lo
495 462 634 554 Cratyio
645 490 682 557 p.
698 465 783 535 391.
801 467 843 537 Β.
862 469 978 560 optimi
995 469 1072 538 libri
1091 465 1139 542 ud
1152 493 1217 561 pro
1233 471 1280 545 ἄν
1406 502 1408 509 ·

167 568 418 659 praebuerunt,
445 589 513 655 qua
526 571 709 637 mutatione
725 571 825 639 ctiam
837 571 1031 640 Andocides
1046 573 1088 641 de
1101 596 1188 663 pace
1202 596 1281 644 cum

112 706 114 708 ·
167 670 377 743 Lacedaem.
397 668 456 739 24.
478 692 515 760 p.
532 668 617 738 165.
645 671 747 760 (166.
766 674 900 764 Reisk.)
926 675 1071 766 indiget:
1100 676 1178 743 vide
1191 671 1225 769 §.
1242 676 1278 746 9.

167 773 392 841 Demostheni
406 772 501 863 epist.
516 770 550 838 2.
565 797 601 864 p.
619 773 729 861 1467,
745 775 778 848 9.
802 777 926 845 codicis
942 800 1009 869 ope
1025 777 1148 845 menda
1164 801 1280 845 exem-

167 887 230 967 pta
254 884 323 944 est:
354 875 436 943 item
459 874 628 943 Andocidi
647 901 682 968 p.
708 876 794 962 126.
820 875 855 973 §
877 878 937 947 86.
972 881 1031 971 (p.
1045 879 1106 947 41.
1125 880 1279 970 lausi).

169 980 258 1047 Sunt
280 979 381 1045 etiam
402 977 496 1070 apud
515 978 705 1049 Homerum
724 984 882 1050 nonnulla
896 982 1105 1073 huiusmodi,
1136 983 1279 1051 maxime
1300 1041 1307 1055 .

168 1081 204 1149 in
220 1079 397 1172 Odyssea:
422 1089 460 1148 ut
475 1109 506 1173 y.
520 1077 607 1150 255.

272 1245 441 1345 ἤταιμὲν
458 1243 544 1323 τόδε
560 1247 597 1323 α’
619 1249 729 1334 αὐτός
744 1251 860 1345 ὀΐεαι,
887 1251 932 1335 uic
945 1281 1006 1326 ιιιν
1022 1248 1178 1350 ἐτέχθη,
1234 1332 1237 1340 ,

274 1354 309 1421 εἰ
319 1344 447 1435 ζώοντ’
458 1353 646 1442 Αἴγισθον
660 1354 711 1426 ivi
721 1351 934 1450 μεγάροισιν
948 1357 1098 1446 ἔτετμεν

277 1448 479 1550 Ἀτρείδης,
505 1453 685 1547 Τροίηθεν
700 1450 783 1545 ιἰιλν,
806 1450 1150 1539 ξανθόςΜενέλαος.
1203 1476 1207 1483 ·

167 1624 260 1692 Nam
284 1623 358 1710 quis
386 1644 453 1689 non
482 1621 602 1690 credat
621 1618 708 1697 τόδε
730 1622 768 1717 γ’
789 1619 898 1706 αὐτοὶ
918 1647 939 1692 a
959 1634 1062 1716 poeta
1085 1623 1279 1716 profectum

169 1727 268 1793 esse?
294 1725 509 1813 Quamquam
523 1725 590 1793 hoc
607 1728 744 1816 quidem
763 1729 870 1796 videri
891 1737 1004 1820 potest
1022 1751 1086 1819 per
1105 1730 1279 1797 attractio·

168 1852 248 1895 nem
275 1827 455 1915 qnamdam
488 1829 541 1895 vel
574 1832 792 1897 mutationem
821 1840 1004 1897 structurae
1032 1830 1159 1897 dictum
1193 1854 1278 1919 csse,

167 1931 266 2021 quasi
279 1932 419 1998 voluerit
434 1931 558 2016 dicere,
584 1926 669 2006 τόδε
687 1929 722 2004 α’
738 1926 849 2013 αιλτός
868 1928 964 2005 ὀΐεαι
977 1926 1088 2005 ιιαιιόν
1101 1934 1278 2026 γενέσθαι

167 2031 349 2127 Αἰγίσθῳ.
369 2033 416 2100 Et
432 2062 465 2104 α.
480 2030 566 2101 316.

273 2186 390 2282 δῶρον
403 2180 456 2276 θ’,
479 2185 561 2260 ὅττι
576 2186 617 2260 ιιέ
628 2213 695 2278 μοι
711 2185 839 2258 δοῦναι
855 2183 962 2279 φίλον
977 2180 1068 2282 ἦτορ
1084 2179 1225 2279 α’νολγει,

273 2285 379 2369 αὖτις
393 2285 621 2386 ἀνερχομένῳ
639 2282 792 2382 δόμεναι
805 2281 945 2389 οἶκόνδε
959 2288 1147 2385 φέρεσθαι.
1283 2375 1289 2383 .

168 2441 290 2512 Scribe
305 2434 434 2539 α’νολγῃ.
458 2443 501 2511 Β.
515 2440 577 2512 86.

664 2613 800 2694 ἐθέλεις
815 2611 858 2687 δέ
868 2641 907 2688 ιιι
922 2611 1054 2706 μῶμον
1065 2605 1218 2706 circium.

168 2782 257 2853 Cod·
271 2780 366 2853 Harl.
382 2783 523 2873 ἐθέλοις
539 2783 577 2857 di
592 2782 662 2856 ιιαῖ.
713 2783 813 2851 Vnde
827 2782 971 2850 Wolfins
985 2783 1018 2848 in
1031 2789 1205 2873 postrema
1219 2779 1275 2848 ed.
1299 2828 1304 2838 .

167 2887 311 3061 εἸιΞέλΘοῖις
328 2887 371 2960 δέ
385 2913 443 2975 ιιι,
469 2895 582 2976 recte,
607 2889 635 2955 si
655 2887 788 2980 signum
806 2883 1033 2979 interrogandi
1055 2883 1275 2975 apposuisset.

272 3156 341 3252 ἤδη
354 3157 430 3252 μὲν
438 3159 577 3233 πολέων
590 3154 696 3254 adop
714 3156 856 3253 ἀνδρῶν
873 3150 1102 3255 α’ντεβόλησα

162 3350 164 3354 ⁴
273 3256 416 3357 ἡρώων,
439 3258 503 3335 ὅτε
518 3263 576 3334 ιιέν
589 3259 675 3335 ποτ’
693 3259 952 3356 ἀποφθιμένου
967 3258 1140 3356 βασιλῆος

272 3357 470 3450 ζώννυνται
486 3391 524 3439 τι
537 3365 614 3438 νέοι
626 3362 685 3438 καὶ
699 3357 956 3439 ἐπεντύνονται
970 3359 1099 3436 ἄεθλα.

168 3532 217 3602 Vt
240 3535 354 3602 monui
373 3535 407 3602 in
427 3533 505 3603 diss.
529 3534 556 3605 1.
585 3533 630 3602 de
658 3534 791 3627 legibus
820 3532 1023 3624 quibusdam
1051 3522 1275 3600 subtilioribus

170 3637 330 3704 sermonis
354 3637 529 3705 Homerici
547 3661 583 3729 p.
606 3637 641 3706 i.
667 3636 952 3726 quemadmodum
974 3635 1093 3703 Latine
1120 3633 1186 3701 dici
1206 3657 1275 3703 uon

168 3749 301 3830 potest,
327 3741 448 3808 multos
470 3740 556 3827 vidi,
583 3762 691 3831 quum
709 3740 914 3810 certamina
934 3736 1156 3807 instituerint
1176 3737 1274 3806 iuue-

169 3864 252 3929 νιεε,
272 3842 334 3910 sed
350 3841 530 3912 dicendum
545 3851 596 3911 est
616 3864 724 3934 quum
745 3843 951 3929 instituunt,
976 3841 1022 3908 ita
1043 3840 1143 3908 etiam
1161 3839 1273 3908 Grae-

170 3967 230 4012 cus
257 3968 367 4014 sermo
406 3969 475 4014 non
505 3945 649 4014 admittit
678 3946 923 4016 coniunctivum
957 3943 991 4013 iu
1019 3942 1077 4010 tali
1103 3943 1273 4011 sententia.
1393 4009 1395 4013 .

171 4047 276 4131 Quod
299 4048 328 4116 si
349 4047 405 4116 hic
426 4070 494 4118 nou
515 4048 678 4117 mendosa
699 4057 751 4117 est
772 4048 936 4141 particula
959 4043 1023 4137 ἄν,
1057 4047 1209 4137 suspicor
1228 4047 1273 4114 ita

172 4173 246 4218 esse
265 4151 491 4220 coniunctivos
504 4151 742 4238 restituendos,
767 4159 805 4219 ut
824 4150 920 4219 simul
941 4157 975 4216 ει
989 4148 1063 4235 hic,
1087 4158 1124 4216 ct
1148 4145 1216 4215 Od.
1243 4151 1273 4218 λ.

170 4247 258 4322 415.
285 4249 525 4352 ἀντιβολήσας
547 4256 717 4326 scribatur.
770 4255 858 4324 Nam
883 4263 1011 4325 veteres
1037 4251 1173 4357 quidam
1196 4248 1230 4316 1ι.
1250 4250 1271 4316 Ι.
1406 4303 1407 4306 ,
