2918 4890
479 264 567 328 ιιο.
579 254 638 328 ιιι.
683 265 785 330 car.
810 270 863 333 ιο
885 271 935 333 ιι
1203 276 1263 340 ιιι
1432 240 1435 249 ’

156 476 224 544 que
246 453 328 522 nihil
346 367 573 546 frequentius,
599 477 702 548 quam
724 455 798 538 πσίς
817 454 883 534 ἀν,
910 457 944 525 in
961 455 1030 527 hoc
1056 482 1184 553 genere
1199 454 1264 532 est.
1368 450 1370 455 ¹

156 558 275 650 Eurip.
290 558 411 651 Suppl.
424 556 511 627 196.

206 695 280 778 uuio
305 695 351 769 σίν
353 690 529 818 ὀλοίμην
555 688 622 767 cdv
643 698 759 776 τοίοδε
784 696 923 779 τέκνοις

259 792 383 872 αοινάν
409 803 444 879 ἐς
462 796 598 896 Αιδην
623 799 828 892 καταβᾶσα.

155 935 243 1004 Vide
269 936 317 1003 ibi
337 932 599 1021 Marklandum,
626 944 660 1004 et
677 935 937 1004 Valckenarium
952 934 997 1003 ad
1016 934 1159 1028 Hippoi.
1178 937 1264 1009 268.

156 1038 215 1129 qui
240 1047 355 1107 tamen
377 1061 499 1128 quum,
525 1047 563 1106 ut
587 1039 672 1107 solet
692 1040 854 1128 exquisita
874 1045 1030 1158 captare,
1056 1039 1266 1132 Sophoclem

155 1142 298 1211 fortasse
323 1143 428 1210 semel
449 1150 579 1210 tantum
600 1141 673 1221 παῖε
686 1139 732 1215 ἀν
757 1142 805 1210 ita
825 1142 979 1234 posuisse
1002 1140 1103 1226 dicit,
1129 1145 1263 1214 fallitur.

156 1245 243 1313 Vide
258 1245 470 1313 Brunckium
488 1245 532 1313 ad
547 1245 601 1314 Αἰ.
623 1242 710 1311 388.
762 1248 842 1314 Νοιι
865 1245 975 1312 solum
994 1254 1108 1314 antem
1128 1247 1201 1327 nuic
1220 1247 1266 1322 σίν
1286 1327 1290 1340 ⁸

155 1349 202 1415 ita
224 1358 424 1440 usurpatur,
450 1347 512 1416 sed
536 1347 678 1437 quodvis
700 1347 792 1415 aliud
812 1346 1089 1439 interrogativum
1112 1351 1266 1419 vocabu·
1328 1411 1330 1413 ,
1415 1369 1417 1375 ·

155 1453 243 1536 lum,
269 1451 365 1542 quod
383 1451 521 1541 quidem
537 1451 586 1518 rei
609 1460 726 1541 aptum
740 1451 798 1536 sit,
825 1473 901 1519 eam
923 1447 1087 1520 rationem
1111 1452 1263 1524 admittit.

155 1555 202 1623 Vt
216 1553 279 1635 τίς.
329 1554 455 1623 Aesch.
470 1555 537 1648 Ag.
556 1549 666 1622 1457.

207 1691 277 1787 φεῦ
302 1689 357 1772 τίς
383 1721 428 1766 αν
449 1696 487 1765 ἐν
514 1684 618 1781 τείχει
642 1717 695 1784 μη
687 1683 941 1786 περιιίδονος

205 1797 299 1888 μηδὲ
326 1787 578 1924 δεμνιοτήρης

180 1891 314 1989 μόλοι
340 1892 407 1970 τάν
433 1896 505 1968 αιέί
531 1892 681 1991 φέροοσ’
708 1899 746 1970 ἐν
773 1893 860 1991 ημῖν

204 2025 294 2095 μοιρ
301 1995 581 2073 ’ἀτέλεστον
559 2025 695 2090 οπνον,·

155 2134 243 2206 Vide
259 2135 370 2230 soph.
388 2137 443 2208 Αἱ.
456 2132 543 2206 879.

676 2341 737 2416 Xl.

189 2493 256 2565 De
281 2493 495 2590 optativo
522 2517 620 2566 cum
646 2492 700 2568 σία
726 2493 774 2563 in
800 2491 1043 2563 sententia
1069 2497 1258 2566 condi-⁴

621 2613 805 2687 tiouali.

257 2751 441 2842 Reliquum
458 2763 510 2822 est
528 2762 566 2822 ut
587 2753 631 2823 de
648 2751 817 2822 sententiis
838 2750 1117 2843 conditionalibus
1131 2760 1166 2821 et
1179 2753 1266 2821 lina-

155 2853 242 2923 libus
256 2855 439 2926 videamus

258 2959 306 3027 Et
324 2960 358 3027 in
374 2959 587 3028 conditionali
601 2958 741 3050 quidem
757 2956 918 3026 sententia
941 2956 1069 3048 duplex
1089 2964 1140 3025 est
1158 2957 1266 3049 parti-

156 3061 253 3128 culae
268 3059 313 3134 σίν
329 3085 406 3131 cum
420 3063 570 3155 optativo
585 3062 808 3147 constructio,
834 3061 940 3151 altera
953 3060 1094 3152 propria
1114 3069 1267 3130 veterum

157 3165 349 3255 epicorum,
374 3167 574 3258 particulam
599 3167 646 3235 sic
667 3165 835 3233 adiectam
857 3163 1008 3251 habens,
1033 3171 1072 3232 nt
1092 3165 1201 3257 magis
1220 3165 1266 3234 ad

36 3356 38 3359 v
156 3268 313 3336 voculam
346 3269 625 3356 conditionalem,
660 3288 764 3358 quam
797 3266 842 3333 ad
871 3268 1060 3359 optativum
1083 3269 1266 3359 pertineat:

156 3392 262 3460 quare
272 3372 393 3440 cultior
405 3396 516 3441 sermo
530 3381 568 3440 ut
581 3396 651 3440 non
664 3370 885 3440 necessariam
898 3370 1038 3438 omittit
1052 3369 1150 3439 Iliad.
1162 3400 1196 3443 α.
1204 3365 1264 3440 56.

208 3488 470 3626 Ἀτρείδη,
425 3535 490 3582 νον
516 3507 618 3602 ἄμμε
644 3507 1013 3600 παλιμπλαγχθέντας
1039 3501 1104 3579 dtu

208 3605 265 3705 ἀψ
291 3604 578 3708 ἀπονοστήσειν,
604 3613 642 3685 εἴ
662 3637 723 3684 αεν
747 3603 917 3685 θάνατόν
942 3637 983 3703 με
1009 3601 1199 3704 φύγοιμεν
1265 3670 1266 3675 ,
1331 3634 1336 3645 “

158 3775 184 3820 ε
199 3744 285 3815 2Ί3.

209 3885 245 3958 εἰ
267 3878 389 3957 τούτω
409 3870 450 3958 ¹aa
470 3879 670 3979 λάβοιμεν,
697 3876 886 3978 ἀροίμεθά
911 3908 972 3955 nav
997 3880 1102 3960 ιιλεόσΙ
1121 3877 1265 3959 ἐσθλόν.
1361 3875 1363 3880 ’

157 4020 291 4106 Quibus
311 4021 346 4089 in
361 4022 444 4091 locis
465 4045 510 4090 ne
523 4029 623 4113 putes
639 4041 751 4116 posse
764 4017 953 4124 significari,
979 4015 1115 4109 plurimi
1132 4019 1273 4098 obstant
1334 4078 1337 4083 .

10 4227 15 4237 .
157 4124 214 4192 alii
227 4125 311 4208 loci,
337 4133 374 4192 nt
389 4125 483 4193 iliad.
498 4133 525 4211 ζ.
544 4123 606 4198 46.

207 4260 281 4336 τάν
303 4263 363 4338 ιιέν
389 4289 451 4337 τοι
477 4258 671 4360 χαρίσαιτο
697 4253 819 4358 πατήρ
846 4245 1025 4357 ἀπερείσι’
1052 4254 1188 4332 ἄποινα
1193 4314 1207 4349 ,
1248 4343 1251 4357 .
