2918 4890
439 270 865 334 HERMESIANACTIS
894 275 1053 342 ELEGI.
1233 288 1298 351 247
1362 220 1371 244 ‘²

348 455 516 542 πολλολκις
529 461 706 538 Αἰολικοῦ
719 455 880 553 κύματος
902 461 1107 562 ἀντιπέρας.

296 561 425 646 Ἀτθὶς
439 561 476 638 δ’
492 563 553 639 οἶα
568 567 720 656 μέλισσα
734 560 974 663 πολυπρήωνα
988 564 1144 670 κολωνην

348 663 512 740 λιίπουσ’
527 671 566 739 ἐν
581 672 767 762 τραγικαῖς
783 662 845 762 ᾖδε
860 672 1119 764 χοροστασίαις,

297 763 448 860 Βάκχον
462 768 523 842 καί
536 762 604 843 τον
617 764 726 867 ἔρωτ’
742 765 1094 869 οἱγειραιθοιαρειδος
1120 834 1128 850 .
1159 833 1166 848 .

246 1141 254 1174 1
277 1071 326 1138 57.
348 1059 432 1130 Libri
447 1063 542 1144 αὖθις
555 1079 585 1130 et
606 1073 802 1150 πολυπρίωνα
823 1068 974 1154 κοδοίνην.
1018 1078 1186 1159 Lennepius
1201 1085 1293 1142 πολυ-

190 1180 321 1242 πρηωνα
338 1152 491 1220 Κολωνόν.
533 1154 730 1216 Ruhnkenius
741 1151 849 1234 Ἀτθὶς
862 1170 891 1218 et
906 1154 1054 1239 κολώνην.

274 1245 326 1308 59.
350 1243 445 1305 Codd.
473 1241 546 1303 Ven.
572 1250 601 1299 et
633 1243 719 1300 taur.
743 1239 1037 1326 ἆγειραιθειαρειίος.
1081 1248 1144 1306 Pal.
1168 1257 1198 1306 et
1219 1257 1291 1308 vett.

190 1329 259 1391 edd.
275 1321 564 1409 α’γεῖραιθόἲρειιλός.
611 1326 669 1384 Vix
683 1327 825 1388 credibile
840 1340 899 1404 est,
910 1332 1062 1409 ·‘Lennepii
1080 1332 1291 1410 suspicionem,

188 1415 283 1473 latere
305 1414 335 1470 in
353 1411 402 1471 his
420 1432 529 1470 nomen
541 1409 714 1485 Themidis,
737 1433 825 1490 quarn
848 1413 989 1492 Sophocli
1009 1416 1067 1475 iam
1083 1419 1145 1475 seni
1164 1429 1291 1478 amatam

188 1520 251 1557 ease
268 1497 438 1555 Athenaeus
458 1505 586 1554 testatur
605 1515 634 1572 p.
653 1496 724 1560 592.
745 1496 782 1554 Α.
797 1497 830 1554 Β.
853 1498 1030 1559 Ruhnkenio
1050 1522 1157 1579 parum
1178 1505 1291 1582 proba-

187 1584 279 1641 bilem
292 1583 389 1640 visam
408 1601 489 1656 esse,
519 1579 643 1638 utadeo
659 1577 801 1658 posthoc
817 1581 968 1641 distichon
988 1585 1087 1662 aliud,
1118 1589 1291 1663 quonomi-
1404 1648 1406 1653 ,

187 1668 280 1726 natim
296 1666 499 1745 appellaretur
512 1663 655 1738 Thouria,
678 1663 821 1723 omissum
837 1687 901 1725 esse
916 1669 1076 1746 putaverit.
1121 1671 1221 1742 Quum
1237 1674 1292 1729 So-

186 1751 313 1832 phocles
336 1759 462 1829 propter
482 1748 659 1808 suavitatem
680 1750 846 1809 carminum
863 1752 926 1829 apis
946 1753 1096 1830 vocitatus
1120 1755 1174 1828 sit,
1205 1765 1290 1834 patet

187 1831 238 1898 οἷα
255 1856 316 1894 non
333 1835 370 1893 ad
386 1831 489 1906 Ἀτθλς
510 1833 633 1913 μέλισσα
647 1833 839 1892 referendum
864 1856 927 1894 esse
937 1879 945 1910 ,
968 1846 1002 1896 ut
1020 1837 1059 1895 sit
1078 1839 1203 1896 Atticae
1219 1843 1290 1917 apis

186 1925 303 1994 τήτέρῃ
325 1919 379 1978 sed
401 1919 542 1996 coniungi
561 1917 655 1978 verba
677 1917 787 1977 debere
807 1917 867 1977 hoc
888 1920 996 1992 modo,
1019 1915 1069 1983 οἷα
1087 1914 1142 2007 η’δε
1160 1919 1288 2004 Βάκχον.

185 2007 290 2083 Itaque
317 2015 399 2064 recte
421 2002 718 2081 Schweighaeuserus
741 2001 773 2060 in
800 2003 838 2061 iis
862 2023 937 2082 quae
959 2005 1137 2066 exciderunt
1162 2009 1288 2068 verbum

186 2092 274 2170 quale
296 2099 341 2148 est
359 2083 533 2169 γιγνώσκεις
554 2088 603 2146 vel
622 2082 715 2148 οἶσθα
738 2088 868 2164 positum
894 2089 985 2149 fuisse
1004 2090 1166 2167 iudicarit,
1189 2103 1287 2153 motus

87 2193 90 2200 ·
185 2175 331 2234 similibus
350 2174 425 2232 locis
442 2193 471 2233 v·
489 2175 539 2238 49.
556 2177 606 2236 73.
618 2171 670 2236 75.
698 2171 883 2232 Verisimile
900 2183 945 2233 est
962 2173 1018 2233 hos
1034 2195 1139 2236 versus
1154 2176 1192 2236 ad
1207 2177 1289 2237 hunc

185 2260 249 2320 fere
265 2259 386 2319 modum
402 2258 530 2337 scriptos
544 2257 650 2314 luisse:

348 2380 455 2456 Ἀιθλς
469 2385 486 2445 d
494 2377 502 2403 '
514 2377 564 2446 ola
578 2381 717 2462 μέλισσα,
740 2377 948 2463 πολυπρήωνα
962 2383 1119 2460 Κολωνένἡ
1205 2434 1207 2438 1

385 2463 541 2543 λείπουσ’,
564 2466 597 2530 ἒν
610 2474 764 2551 τραγικαῖς
776 2459 836 2554 ᾖδε
851 2470 1059 2550 χοροστασίαις

182 2687 279 2753 simus,
303 2704 379 2757 quam
402 2683 541 2755 exemplis,
586 2683 661 2736 uibus
680 2683 737 2754 lpse
757 2683 890 2754 plurimum
909 2683 1025 2738 tribuere
1041 2686 1124 2749 solat,
1147 2684 1288 2740 defendere

181 2758 273 2821 malle,
298 2756 368 2826 quod
390 2755 513 2816 diximus,
536 2701 681 2805 videamur:
706 2752 848 2816 fatebitur,
874 2753 967 2816 orado,
990 2753 1060 2806 inter
1081 2750 1173 2822 ’ὅμορα
1189 2755 1286 2837 aliquid

181 2825 344 2879 interiectum
362 2843 419 2878 essa
437 2840 530 2892 posse,
554 2823 577 2875 si
595 2824 660 2876 haec
679 2821 896 2874 consideraverit:
918 2821 1014 2874 Strabo
1029 2823 1099 2874 XVl.
1114 2840 1142 2892 p.
1155 2826 1215 2878 7³8.
1228 2824 1287 2878 ruit.

182 2895 247 2959 (vol.
262 2896 307 2947 Vl.
321 2914 347 2965 p.
361 2892 421 2950 246.
436 2894 477 2944 ed.
491 2891 653 2959 Tzschuck)
675 2886 692 2960 ἡ
711 2888 743 2944 δ’
756 2889 963 2958 Ἀτσυρίατοῖς
974 2890 1038 2956 περὶ
1049 2888 1174 2962 ’Ἄρβηλα
1188 2889 1286 2955 τόποις

182 2960 289 3033 ὅμορός
302 2962 375 3028 ἐστι,
392 2954 495 3029 pasagii
511 2960 612 3027 έχουσα
625 2959 676 3014 τόν
691 2957 785 3014 Λύκον
799 2957 935 3026 ποταμόν.
959 2960 990 3011 ld
1004 2960 1125 3029 Epitome
1142 2961 1206 3028 dicit
1219 2963 1288 3031 πληέ

182 3037 244 3088 σίον
260 3029 414 3102 Ἀρβήλων.
451 3031 611 3084 Scholiastes
630 3030 714 3119 Apoll.
729 3030 781 3082 Rh.
801 3031 822 3084 1.
839 3029 899 3083 419.
918 3029 965 3084 κοιλ
980 3031 1142 3098 Νίκανδρος
1158 3029 1189 3085 έν
1205 3034 1284 3103 τρίτη

181 3104 338 3156 Αἰτωλικῶν
359 3100 453 3172 ἕκτης
473 3095 503 3152 ἕν
524 3100 642 3167 Αἰτωλία
666 3101 804 3167 Ορτυγίας
818 3099 888 3166 φησί
907 3095 959 3168 τὴν
976 3100 1071 3166 Δῆλον
1087 3098 1285 3170 ὀνομασθῆναι

180 3171 299 3238 γράφων
315 3169 398 3226 τάδε·
423 3168 452 3225 οἳ
472 3163 503 3223 δ’
516 3167 545 3233 ἐξ
564 3167 714 3237 Ὀρτυγίης
732 3170 883 3232 Τιτηνίδος
904 3164 1089 3238 ὁρμηθέντες,
1118 3169 1146 3224 ol
1158 3169 1209 3238 μὲν
1233 3167 1284 3240 τήν

175 3239 320 3306 Ἔφεσον·
340 3238 370 3294 ολ
385 3237 415 3294 δὲ
432 3237 512 3307 (Cod.
529 3239 590 3292 Par.
607 3235 686 3292 ἄλλοι
702 3235 746 3306 δὲ)
763 3239 815 3307 τὴν
830 3236 967 3306 πρότερον
982 3241 1078 3305 Δῆλον
1090 3239 1282 3307 καλουμένην·

181 3307 260 3365 ἄλλοι
272 3307 303 3366 δέ
315 3310 395 3377 (Cod.
408 3303 560 3375 Percidi)
578 3303 811 3375 τὴνὸμοτέρμονα
829 3311 958 3371 Σικελίας
975 3309 1055 3376 (eod.
1064 3309 1282 3378 Ροτ.,Σικιλίην)

72 3419 76 3423 -
180 3382 276 3449 νῆσον,
296 3373 366 3436 ὅθεν
378 3375 525 3445 Ὀρτυγίαι
540 3376 630 3431 πᾶσαι
645 3378 776 3448 dociacus.
812 3377 855 3430 Er
869 3377 908 3430 his
920 3379 1065 3447 fragmenta
1078 3378 1207 3432 Nicandri
1217 3380 1282 3433 haec

180 3467 271 3504 emas·
389 3528 418 3587 οἳ
437 3526 466 3585 δ’
484 3528 513 3596 ἐξ
529 3527 680 3598 Ὀρτυγίης
700 3529 847 3599 Τιτηνίδος
864 3511 1051 3601 decantasse,

388 3600 417 3657 οἳ
428 3597 480 3669 pls
494 3598 711 3679 ίτηνἚφισοκ·

180 3688 383 3758 (sequebantur,
402 3687 563 3752 studetur,
581 3686 688 3739 duorum
701 3684 944 3754 nominavirorum)'
964 3690 1006 3738 et:

375 3838 377 3842 v
621 3764 701 3825 ἄλλοι
718 3767 748 3824 δ’
766 3765 940 3838 ὄμοτέρμονα
957 3770 1046 3836 νῆσον

285 3873 288 3880 ¹
371 3859 374 3869 ¹
388 3843 533 3911 Σικελίης,
552 3841 641 3896 πᾶσαι
658 3837 746 3896 τόθεν
763 3836 910 3911 Ὀρτυγίαι
927 3837 1075 3910 βοόωνται.

179 3927 242 3980 Non
258 3925 301 3979 hic
315 3933 387 3981 certe
400 3928 432 3982 de
441 3947 472 3982 eo
486 3928 591 3982 videtur
603 3932 719 3996 tempora
731 3927 797 3982 haec
809 3927 950 3997 scripsisse,
969 3942 1019 3994 quo
1033 3927 1113 3993 ponto
1126 3921 1170 3975 vel
1182 3939 1279 3992 aggaro

143 4056 145 4059 ¹
178 3996 267 4049 iuncta
280 3997 415 4066 Syracusis
427 4005 468 4051 est
481 3996 601 4067 Ortygia.
639 3995 716 4060 Quod
728 3996 761 4049 de
780 4005 897 4059 accentu,
916 4012 966 4065 qno
976 3991 1090 4055 Λεκτόν,
1109 4010 1160 4044 uon
1173 3994 1278 4047 Λέκτον

179 4064 340 4118 scribendum
359 4065 408 4130 sit,
431 4066 496 4119 dicit
508 4067 682 4128 sanccimus,
695 4083 746 4118 non
758 4065 852 4118 Strabo
867 4074 925 4117 erat
939 4063 1099 4124 afferendus,
1122 4061 1190 4130 apud
1207 4079 1281 4125 quem

180 4150 264 4254 nepus
284 4133 324 4217 de·
338 4141 445 4189 accentu
459 4135 616 4218 ηοὶρρσοω,
636 4152 719 4204 περιτο
734 4140 883 4188 constanter
904 4128 1007 4220 Λεκτὸρ
1027 4131 1153 4216 scripturn
1175 4130 1280 4210 legitur,

244 4203 394 4256 scholiastes
413 4205 520 4257 Homeri
535 4203 568 4256 ad
585 4204 661 4258 lhad.
675 4205 700 4270 ξ.
716 4204 770 4260 284
795 4203 834 4256 ita
852 4204 964 4274 probans
983 4202 1134 4270 οξυτονον,
1157 4206 1187 4252 ut
1202 4199 1281 4250 luisse

183 4272 229 4341 qui
241 4271 317 4327 aliter
329 4272 474 4328 scriberent
484 4279 619 4344 appareat.
