2918 4890
246 284 253 305 *
297 283 349 346 DE
359 259 691 347 loscnlurionmvs
704 286 929 362 Qvtovsotn
943 233 1119 358 abacos.
1190 297 1255 360 θ’(
1353 260 1378 329 γ·

157 473 346 566 Diligenter
367 497 448 543 vero
467 473 676 563 cavendum,
700 498 744 545 ne
765 477 839 567 quis
857 477 1050 548 huiusmodi
1070 483 1147 551 vitia
1166 507 1254 576 poe-¹

158 577 199 644 tis
218 578 376 668 imputet,
398 601 497 668 ¹qrrae
520 578 660 668 aequius
688 588 739 652 eut
758 581 879 672 cnlpae
902 582 1052 652 tribuere
1079 585 1253 678 imperito·

158 702 234 748 rum
250 689 283 747 et
299 681 541 774 negligentium
554 680 784 776 lapicidarum.
834 685 913 753 Non
925 695 978 754 est
991 685 1148 776 dubium,
1173 690 1253 778 quin

139 783 217 872 ‘qui
234 781 302 850 hoc
314 784 525 878 epigramma
537 783 619 877 fecit
634 783 739 876 lapidi
754 786 888 856 inscribi
904 787 1064 880 voluerit,

146 1047 148 1050 .
185 928 432 1034 ,πεντήκοντα
454 930 581 1030 ’νόμον
606 937 812 1038 κληοιμένη
836 934 980 1013 δ’ἔνια.
1010 958 1013 964 “
1044 971 1045 975 ’
1158 941 1160 946 ⁴

676 1306 732 1379 vl.

257 1475 415 1563 „Atiam
447 1473 660 1544 Ronmaam
690 1476 995 1571 inscriptionem‘t
1024 1479 1129 1570 inquit
1155 1479 1251 1549 Wei-
1389 1480 1392 1483 ’

156 1577 294 1666 ckerus,
318 1576 553 1671 „Latiamque
574 1578 711 1648 litteris
726 1580 911 1674 scriptam
920 1580 1080 1675 praebet
1093 1581 1251 1651 Febrem

155 1692 215 1752 tue
246 1705 283 1775 p.
303 1679 389 1749 4o5.
418 1705 450 1750 a.
476 1681 561 1749 loo.
603 1705 697 1774 qaue
728 1682 805 1754 siae
837 1682 917 1752 uita
948 1683 1179 1755 dubitatione·
1205 1707 1251 1755 ex
1318 1712 1320 1718 ·

155 1785 322 1854 Fabretti
346 1785 509 1880 versione
534 1783 588 1854 sic
613 1793 669 1854 est
694 1783 912 1856 scribendo:

189 1935 365 2035 Εὕρεσιν
391 1928 524 2011 ἐνθάδε
544 1933 592 2032 γῆ
616 1936 759 2026 κατέχοι
783 1931 966 2010 θανάτοιο
991 1935 1208 2035 λαχοῦσα[ν]
1299 1918 1326 2003 1¹

202 2041 345 2139 μητέρα
370 2031 438 2134 τήν
463 2035 640 2111 εὔτεκνον.
676 2035 885 2133 ιοδοῖμονες
902 2034 963 2134 [ω’]
990 2043 1224 2138 παροδῐτοι.“

102 2250 107 2258 -
152 2212 224 2281 Tot
244 2233 328 2303 ergo
350 2208 460 2276 modis
484 2207 578 2298 quod
604 2209 745 2300 pravum
771 2218 838 2298 est,
864 2210 934 2279 sine
956 2211 1025 2279 ulla
1043 2210 1246 2280 dubitatione

37 2310 41 2317 ’
152 2324 282 2383 rectum
309 2311 375 2380 sit?
407 2307 447 2378 ln
472 2309 585 2402 lapide
610 2319 674 2381 cst:
700 2309 1000 2383 EVTEcHNOV
1022 2311 1247 2382 EVDEMO-

151 2418 243 2486 NES
265 2412 589 2484 PARHODiTAE.
641 2413 732 2502 „Ad
746 2412 898 2508 salsam
920 2415 1184 2509 correptionem
1209 2414 1246 2484 in

152 2516 392 2611 eridae'pouec“
419 2515 464 2582 ait
477 2514 693 2602 Welckerus,
729 2539 829 2603 „non
855 2514 1151 2614 offendendum.“
1199 2519 1246 2586 At

151 2645 220 2712 quo
239 2623 311 2690 iure
342 2619 459 2688 vitium
490 2618 657 2710 imputare
691 2619 770 2688 licet
800 2621 955 2712 scriptori
985 2621 1244 2714 epigrammatis,

151 2724 245 2816 quod
272 2723 408 2816 gravim
442 2729 493 2789 est
518 2743 619 2809 quam
644 2729 682 2789 ut
706 2722 777 2790 ulio
807 2733 909 2814 paeto
932 2725 1090 2799 ¹encrrsari
1116 2724 1245 2816 possit?
1368 2795 1370 2799 Α

150 2829 299 2896 Multum
324 2826 367 2892 ab
397 2824 466 2892 hoc
492 2821 607 2891 differt
631 2823 746 2892 vitimu
776 2825 993 2917 prosodicum
1012 2827 1047 2893 in
1073 2827 1244 2918 epigram—

150 2941 257 3014 mate,
301 2928 395 3018 quod
434 2925 633 2996 wolckerus
670 2927 758 3006 infra
799 2950 842 2996 ex
878 2927 1076 2997 Boissonadi
1113 2927 1243 2998 Anecd.

46 3119 47 3123 Ἰ
151 3034 272 3102 Graec.
299 3032 344 3104 T.
368 3032 396 3104 1.
423 3054 459 3122 p.
475 3027 562 3103 144.
588 3026 705 3098 affert:
802 3033 813 3112 J

202 3183 297 3257 οἶσιν
323 3177 503 3262 ὀνιθύνοις
530 3183 636 3254 οἴακα
658 3181 720 3278 σῆς
743 3180 888 3274 βιοτῆς,

150 3336 242 3426 quod
278 3334 488 3426 epigramma
517 3332 585 3400 hoc
622 3333 697 3424 ipso
732 3332 811 3399 vitio
850 3354 970 3400 aevum
1002 3331 1117 3423 prodit
1149 3330 1241 3411 iilud,

150 3461 218 3528 quo
248 3437 381 3504 vocales
405 3435 471 3503 hae
497 3464 542 3523 a,
568 3463 605 3524 r,
640 3435 812 3523 verbique
837 3433 997 3527 ancipites
1024 3434 1140 3502 haberi
1166 3442 1242 3501 sunt

149 3549 300 3631 coeptae.
362 3537 494 3608 Deinde
526 3536 569 3604 ad
596 3533 805 3630 εὐδαίμονες
829 3537 1027 3606 Welckerus
1053 3536 1133 3610 ἐστὲ
1158 3558 1241 3627 sup-

148 3644 234 3736 pleri
257 3642 336 3711 vult.
393 3639 482 3708 Tam
506 3639 652 3708 breviter
677 3639 851 3708 enunciata
883 3641 1033 3731 precatio
1061 3661 1181 3706 vereor
1206 3646 1243 3705 ut

62 3832 64 3836 ι
147 3746 254 3837 possit
285 3742 431 3812 defendi.
496 3741 609 3832 Atque
641 3742 810 3833 aliquanto
842 3742 1069 3828 commodius,
1112 3741 1241 3832 opinor,

148 3849 206 3938 qui
240 3847 321 3915 fecit
354 3847 581 3938 epigramma,
617 3844 781 3932 duxisset,
820 3839 1086 3941 εὐδαιμονοίης,
1124 3869 1240 3938 παρο-

148 3954 240 4022 δΐτο.
293 3948 434 4017 Accedit
458 3947 502 4016 ad
528 3948 614 4016 haec
638 3949 773 4016 tertium
794 3948 929 4029 vitium,
963 3946 1056 4035 quod
1081 3945 1240 4027 sermonis

147 4061 226 4148 est,¹
244 4053 381 4148 μητέρα
409 4044 476 4145 τήν
506 4049 683 4140 εὔτεκνον.
726 4052 829 4137 ΙΝοιο
863 4051 889 4116 si
922 4046 1088 4121 ederacee
1114 4047 1239 4114 randum

147 4155 216 4222 sine
248 4156 312 4222 alia
343 4163 423 4221 nota
454 4162 656 4245 poneretur,
684 4175 754 4244 non
788 4152 935 4221 debebat
967 4151 1122 4220 articulus
1147 4149 1237 4217 addi.

145 4257 242 4326 Haec
279 4257 339 4350 qui·
369 4257 480 4325 omnia
507 4255 743 4348 perpenderit,
779 4279 846 4325 nou
879 4276 958 4326 saue
992 4253 1140 4324 censebit
1163 4253 1238 4345 epi-
