2918 4890
513 284 598 345 LIB.
621 283 672 342 IV.
716 281 862 346 (ΞΔ-ΡΑ
1183 287 1248 351 186
1344 288 1349 293 ’

143 468 406 594 666666666'e
386 473 512 546 οτιοῦν
533 473 578 547 ἄν
589 472 803 595 ἐφησθῆναι
819 465 1013 545 πάθουσιν.
1068 473 1172 558 Quod
1196 483 1247 543 est

140 568 363 649 πάθονσιν
342 576 469 650 οτιοῦιι
483 575 529 652 οἳν
546 569 714 650 τιοὶθοιιν

662 815 721 885 lV.

436 982 505 1054 De
530 984 582 1060 ἄν
609 987 781 1056 omisso
806 984 953 1055 verbo.

245 1137 460 1226 Quicumque
470 1140 565 1206 verbi
580 1140 701 1208 modus
712 1163 789 1208 cunr
803 1138 849 1212 ἄν
862 1141 1007 1209 construi
1019 1146 1143 1231 potest,
1167 1147 1248 1228 pot-

143 1248 193 1306 est
208 1241 306 1307 etiam
325 1242 451 1327 omitti,
477 1242 515 1308 iis
521 1243 674 1363 ‘quidem
696 1243 959 1325 conditionibus,
985 1266 1073 1333 qnae
1087 1242 1248 1333 propriae

142 1351 217 1408 sunt
225 1344 407 1411 verborum
419 1345 612 1435 omissionis,
638 1356 676 1413 ut
687 1348 741 1414 vel
756 1369 798 1414 ex
809 1346 1088 1436 praecedentibus
1102 1367 1249 1433 sequen-

142 1444 272 1512 tibnsve
296 1449 500 1541 cogitatione
526 1459 719 1548 repetatur,
745 1450 820 1536 vel,
850 1449 930 1537 quia
946 1449 1011 1515 alio
1032 1448 1136 1516 modo
1153 1457 1249 1537 patet

142 1546 223 1634 quid
238 1549 465 1639 supplendum
483 1551 539 1637 sit,
564 1576 634 1620 non
649 1551 846 1621 indicetur
826 1575 864 1618 ns
880 1574 967 1642 opus
982 1575 1066 1624 esse.
1118 1552 1249 1619 Demo-

142 1650 276 1718 sthenes
296 1675 331 1742 p
353 1648 440 1740 552,
458 1652 517 1723 23
543 1650 724 1750 χρώμενος
745 1653 857 1745 ὥςπερ
880 1653 926 1727 οἲν
949 1651 1053 1734 ἄλλοι
1073 1680 1128 1739 τις
1149 1649 1250 1748 αὐτῷ

141 1747 191 1825 τοὶ
205 1746 278 1878 6166
293 1749 449 1842 τούτου,
477 1752 806 1854 σοίΙίοσιέχρήσατο.
833 1753 922 1846 568,
941 1755 1002 1826 28.
1023 1752 1179 1836 0666*
1157 1781 1250 1836 οςτιι

144 1858 209 1928 οιιίι
233 1854 287 1928 66.
340 1860 477 1950 Repete
497 1883 539 1928 ex
560 1860 840 1988 praecedentibus
860 1860 1047 1953 παρέσχεν
1075 1856 1254 1948 586,19.,

143 1961 201 2036 δεῖ
218 1957 342 2035 τοίνυν
366 1955 513 2040 τούτοις
533 1969 688 2054 βοηθεῖν
716 1962 849 2056 ὁμοίως
870 1958 981 2056 ὥςπερ
1003 1961 1048 2033 66
1070 1959 1172 2055 αὐτῷ
1195 1988 1251 2042 τις

71 2157 74 2161 ι
143 2058 386 2157 ἀδικουμένῳ,
415 2065 541 2133 scilicet
561 2061 792 2162 βοηθήσειεν.
820 2058 908 2150 659,
931 2062 991 2130 24.
1017 2064 1077 2136 ιιαὶ
1098 2058 1172 2159 μην
1192 2062 1251 2135 καὶ

143 2171 287 2259 χρυσοῖς
309 2161 502 2258 στεφάνοις
526 2168 791 2262 ἐστεφανοῦτε,
819 2163 884 2239 οιιίι
908 2164 974 2255 ἄν,
1003 2169 1077 2259 εἴη
1083 2160 1251 2260 ’ἐχθρόν

143 2264 301 2362 η’γεῐσθε
354 2269 531 2392 Repete’
513 2271 769 2364 ιστιφανοῦτι.
796 2268 885 2354 649,
905 2269 940 2341 2.
965 2271 1053 2393 φέρι
1072 2261 1142 2394 y6p
1163 2262 1252 2391 πρῲ

143 2363 302 2456 Διός,”
280 2396 380 2443 εστιν
397 2369 491 2452 ὅςτις
507 2370 553 2445 66
572 2370 598 2499 6
622 2366 797 2497 up6r6p6c
810 2399 882 2444 ποτ
892 2366 1137 2502 ’ἐψηφιστοῆ
1154 2364 1252 2493 πρύ-

143 2499 246 2552 τανις
260 2467 401 2547 τούτων
416 2502 456 2546 τι
472 2474 546 2548 τοῖν
563 2479 601 2547 ἐν
617 2474 671 2570 τῷ
683 2469 784 2570 νόμῳ
797 2477 1077 2571 γεγραμμένων,
1104 2479 1253 2568 ἔνων
1162 2467 1253 2566 μὲν

145 2571 304 2648 0666*
279 2603 324 2647 αν
346 2573 473 2669 οἶμαι,
501 2578 628 2646 scilicet
642 2546 857 2676 ἐψηφίσθαι
909 2578 977 2646 Ηίσ
999 2577 1137 2669 quidem
1153 2577 1253 2646 cmit-

143 2687 218 2746 tunt
230 2680 306 2747 libri
321 2680 467 2769 qnidam
520 2681 691 2773 Euripidis
704 2682 778 2750 Ale.
797 2679 882 2751 181.

520 2832 560 2906 ne
586 2829 622 2906 6
647 2831 736 2930 ἄλλη
763 2861 819 2914 τις
843 2825 934 2928 γυνή
958 2826 1190 2954 κεκτήσεται,
1259 2902 1262 2906 ,

249 2928 455 3032 σώφρωνμ
426 2936 495 3028 μὲν
522 2932 587 3009 οιιίι
607 2935 658 3009 66
677 2937 837 3030 μᾶλλον,
864 2929 1012 3032 ιντοχηι
1039 2931 1075 3008 6
1101 2935 1194 3016 ἴσως.

26 3181 29 3187 Ι
146 3089 333 3180 Videquae
347 3090 395 3157 ibi
417 3089 543 3160 notavit
558 3089 735 3160 Matthiae.
760 3089 865 3160 Adde
881 3089 995 3182 Scph
1008 3088 1155 3160 Philoct.
1167 3083 1253 3158 561.
1348 3110 1352 3119 ’

251 3235 339 3337 προς
364 3247 471 3316 ποῖον
497 3243 543 3317 66
569 3240 673 3316 τόνδ’
697 3237 807 3323 οὗτος
835 3236 1040 3323 0‘66666666
1066 3244 1175 3316 ἔπλει.

149 3395 237 3464 Vide
253 3395 300 3462 ibi
315 3393 484 3463 adnotata.
535 3397 575 3465 ln
590 3395 710 3465 eadem
723 3395 840 3463 fabula
854 3394 941 3467 493.

252 3548 294 3621 ὃν
295 3543 367 3666 66
390 3542 521 3621 udam
548 3548 593 3622 66
620 3544 746 3633 ἑξότοιι
773 3542 1002 3651 666616'676

235 3645 304 3748 66
327 3678 396 3744 μοι
420 3644 566 3748 6666·

149 3804 358 3896 Intellige
321 3832 385 3900 ιιη.
437 3807 528 3892 Quin
550 3807 650 3876 etiam
672 3804 901 3922 coniunctivns
917 3801 1086 3872 omittitur.
1137 3800 1255 3894 Enrip.

149 3909 293 4000 Hippol.
311 3904 399 3980 659.

253 4062 318 4136 νῦν
346 4065 384 4136 6'
410 4065 448 4136 66
475 4055 596 4155 δόμων
620 4064 700 4156 μέν,
727 4055 826 4140 ἔς
786 4087 810 4134 τ
852 4059 898 4132 οἶν
924 4059 1076 4181 ἔνδημος
1100 4053 1235 4150 χθονός

122 4214 125 4219 -
258 4159 413 4264 Θησεύς,
438 4161 586 4259 ἄπειμι,
612 4170 694 4258 σῖγα
722 4158 758 4237 δ’
785 4168 911 4256 ἕξομεν
936 4185 1068 4254 στομα.
