2918 4890
488 283 964 345 DISSEIITATIO.
1213 289 1277 352 291

175 470 224 541 liis
251 493 326 561 cap.
344 464 404 537 25.
456 432 635 564 Apparere
656 496 697 542 ex
718 442 890 565 hispani,
918 475 974 563 qui
1001 475 1128 544 factum
1148 478 1209 559 sit,
1241 488 1278 546 ut

58 602 61 607 ·
174 575 320 667 πρυλέες
353 574 422 642 aliis
446 574 562 662 πεζοί,
596 576 666 644 aliis
691 573 857 665 ὁπλῖται,
889 578 959 645 aliis
989 571 1177 671 πρόμαχοι
1203 589 1280 649 esso¹

54 676 57 681 ’
174 675 375 750 viderentur.
429 678 517 744 Nam
537 688 611 746 sunt
624 678 712 747 haec
726 679 840 746 omnia
860 681 894 747 in
915 681 972 747 illo
986 682 1122 749 nomine
1135 685 1276 751 coniun-

153 788 246 860 cta,
267 770 352 868 'quia
374 781 559 848 adhaerent
581 782 697 849 officio
717 783 901 874 praesulis,
929 783 990 852 etsi
1012 785 1142 855 nullum
1159 809 1276 854 eorum

172 883 370 974 primarium
385 893 447 957 est.
499 883 573 951 lam
589 885 692 976 igitur
705 908 773 954 uon
793 886 956 954 exereitus
973 896 1107 954 centum
1131 887 1276 983 urbium,

174 984 236 1053 sed
258 988 484 1076 praesultores
506 986 573 1055 dici
593 987 805 1056 videbuntur.
857 987 1040 1058 Fuerintne
1061 992 1161 1058 etiam
1183 991 1276 1083 apud

173 1097 323 1174 veteres,
350 1091 407 1179 qui
425 1091 471 1158 ita
489 1091 731 1177 existimarent,
757 1114 827 1174 non
849 1093 926 1159 satis
944 1091 1050 1180 liquet
1068 1116 1111 1162 ex
1130 1092 1181 1161 his
1201 1095 1276 1161 Eu·
1356 1127 1358 1131 ⁴
1447 1132 1450 1138 ·

173 1191 338 1283 stathiip.
361 1191 449 1282 60⁰,
465 1189 526 1260 45.
555 1193 650 1274 τινές
669 1187 770 1266 cled
787 1187 1276 1314 ἑιιατόνπολέανπρυλέεσσ’

174 1289 354 1389 ἀραρυῖαν
367 1293 480 1376 οὕτως
494 1297 676 1425 ἔρρασαν·
703 1289 834 1369 έιιατον
847 1293 1026 1369 πολέων
1001 1303 1160 1392 αριστιῑς
1173 1300 1276 1428 έχου-

173 1420 258 1468 σαν·
286 1425 306 1518 q
324 1400 592 1522 κεκοσμημένην
608 1404 685 1479 τοῖς
699 1397 762 1525 τῆς
775 1393 924 1526 Κρήτης
939 1396 1115 1488 ὁπλίταις,
1142 1402 1276 1474 τουτέ-

173 1525 234 1621 qu
254 1527 303 1572 τα
326 1501 399 1572 τῶν
422 1495 721 1596 Κορυβάντων
700 1527 788 1597 ερνα
811 1503 965 1590 ἔχουσαν
988 1504 1274 1595 ἐντετυπωμένα.

173 1598 233 1674 ὅτι
248 1602 287 1674 δέ
304 1597 581 1699 ἑνατέμπολιςη
596 1600 726 1726 Κρήτη
747 1603 807 1674 ιιαι
827 1608 864 1675 έν
878 1598 1071 1698 Ὀδυσσείᾳ
1091 1605 1275 1700 δηλαυται.

173 1729 217 1783 ως
227 1703 265 1776 δὲ
279 1732 337 1781 ιιαι
330 1703 493 1799 Κρῆτες
509 1731 544 1778 οι
537 1699 805 1797 Κορυβαντις,
826 1706 936 1801 δῆλον
950 1705 1010 1777 καὶ
1024 1701 1128 1780 αὐτό.
1157 1706 1276 1799 Odys--

172 1829 250 1874 seae
271 1806 351 1874 dicit
372 1808 464 1903 XIX.
485 1807 570 1877 114.
594 1807 652 1876 ubi
672 1810 856 1900 nonaginta
879 1807 1002 1877 Cretae
1021 1810 1121 1878 urbes
1143 1834 1275 1879 memo-

171 1919 304 1978 rantur:
331 1889 392 1978 seul
412 1904 653 2002 ἑκατέμπολις
672 1910 761 1979 dicta
783 1909 879 1982 Iliad.
898 1896 940 1980 II.
956 1909 1042 1983 649.
1094 1912 1140 1981 Ελ
1156 1913 1276 1982 Creti-

172 2035 228 2080 cas
243 2014 432 2081 saltationes
446 2014 534 2082 bene
546 2023 642 2081 notas
657 2013 759 2082 luisse
775 2014 928 2082 Homero
944 2013 1067 2082 docent
1077 2015 1173 2090 lliad.
1184 2017 1275 2086 XVI.

171 2113 260 2188 (tlt.
287 2117 411 2189 XVIII.
429 2114 515 2186 599.
530 2139 626 2205 seqq.
679 2114 827 2184 Omnino
843 2125 1042 2185 autemnon
1058 2141 1198 2209 prorsus
1212 2120 1276 2187 ab·
1334 2129 1337 2134 ’

171 2217 273 2285 surda
288 2226 340 2286 est
356 2218 489 2286 illorum
505 2219 713 2304 coniectura,
741 2219 800 2308 qui
817 2218 940 2287 Cretae
960 2229 1095 2287 centum
1109 2224 1210 2290 urbes
1223 2245 1276 2290 re·
1298 2218 1300 2223 ’

114 2371 116 2377 .
171 2321 256 2411 spici
278 2330 494 2409 censuerunt,
520 2345 588 2389 uon
603 2321 697 2411 qnod
713 2322 957 2397 Homemshas
971 2323 1005 2390 in
1019 2333 1130 2393 mente
1145 2324 1276 2393 habue-

170 2423 230 2509 rit,
257 2423 318 2491 sed
331 2424 425 2513 quod
437 2425 555 2514 aliquis
571 2435 648 2494 ante
666 2447 744 2492 enm
758 2433 874 2516 poeta
914 2426 1003 2492 Nam
1016 2429 1185 2517 permulta
1199 2427 1277 2496 Ho-

72 2567 74 2575 s
170 2548 284 2594 merus
308 2537 424 2619 aperte
446 2529 491 2596 ab
508 2528 751 2631 antiquioribus
773 2528 881 2620 poetis
903 2530 1053 2621 accepit,
1089 2554 1176 2620 quae
1203 2531 1277 2599 fere

171 2652 213 2698 eo
236 2640 517 2724 cognoscuntur‚·
532 2632 625 2721 quod
651 2632 835 2722 explicatus
857 2633 965 2723 magis
986 2635 1178 2702 reconditos
1198 2643 1231 2701 et
1255 2658 1276 2701 a
1311 2711 1313 2716 ,

169 2734 381 2825 simplicitate
395 2734 579 2803 Homerica
599 2733 725 2802 alienos
747 2734 885 2803 babent.
938 2734 1092 2829 Quibus
1094 2735 1209 2804 nescio
1231 2749 1277 2804 an¹

168 2835 237 2905 hoc
259 2860 396 2928 quoque
423 2846 456 2906 et
479 2839 534 2906 vel
556 2837 699 2906 manure
725 2837 766 2904 sit
792 2836 1090 2908 adnumerandum.
1141 2839 1275 2907 Licebit
1307 2851 1310 2858 ’

169 2941 258 3008 enim
273 2942 456 3033 suspicari,
482 2942 616 3009 illorum
634 2941 782 3030 aliquem
797 2947 994 3031 poetarum,
1021 2963 1126 3030 quum
1148 2941 1192 3010 de
1218 2960 1274 3010 re-

168 3042 232 3112 bus
259 3043 400 3113 Creticis
428 3053 581 3131 caneret,
615 3043 805 3112 Minervam
831 3042 1112 3141 descripsissem
1136 3046 1273 3136 singulis

168 3146 306 3219 urbibus
326 3147 473 3240 singulos
488 3147 661 3239 praesules
678 3169 755 3214 cum
768 3147 868 3215 armis
886 3146 1109 3237 tripudiantes
1124 3148 1158 3214 in
1173 3149 1275 3239 galea

168 3244 362 3339 gerentem,
388 3272 455 3317 non
474 3250 626 3343 ineptum
641 3250 798 3340 profecto
816 3249 949 3340 insigne
968 3249 1073 3334 deae,
1100 3250 1191 3339 quiae·
1212 3251 1275 3319 fuit

168 3351 227 3418 ubi
250 3345 528 3447 Προμαχόρμας
553 3352 754 3444 cognomine
784 3351 969 3437 coleretur,
1001 3361 1086 3420 teste
1109 3354 1284 3444 Pausania⁸

168 3453 210 3524 II
232 3452 294 3538 34,
320 3452 354 3522 8.
379 3464 382 3470 '
408 3455 486 3521 Non
510 3455 634 3523 infitior
655 3462 788 3537 tamem
821 3454 1001 3544 simplicius
1022 3456 1168 3546 ideoque
1188 3449 1275 3548 pro·

168 3557 311 3626 babilius
331 3556 414 3624 mibi
436 3556 559 3641 videri,
586 3550 717 3630 έιιατόν
741 3574 810 3624 non
831 3578 905 3656 esse
925 3579 1003 3625 cum
1027 3560 1185 3637 πολέων,
1208 3558 1273 3641 ,sed
1338 3568 1340 3574 '

169 3684 247 3728 cum
269 3663 459 3756 πρυλέεσσι
477 3659 768 3752 coniungendam,
794 3668 832 3729 ut
853 3660 995 3734 Ιπολέων
1012 3662 1162 3754 πρυλέες
1177 3663 1273 3749 quasi
1398 3729 1400 3735 ,

167 3787 232 3855 pro
247 3786 313 3832 una
328 3787 413 3833 voce
427 3765 501 3851 sint,
517 3763 721 3854 quae'duces
737 3763 871 3831 urbium
885 3761 979 3877 apud
994 3763 1165 3862 antiquum
1178 3763 1273 3832 illum

158 3876 307 3959 poetam
323 3868 570 3960 significaverit.
607 3867 777 3935 Vtrumvis
791 3858 914 3935 horum
931 3865 1056 3956 probet
1069 3865 1153 3955 quis,
1179 3877 1272 3935 certe

167 3992 236 4038 non
260 3971 401 4063 amplius
426 3980 559 4067 centum
581 3970 657 4039 viris
680 3970 781 4063 galea
799 3968 957 4037 habebat.
1010 3966 1064 4035 Ea
1077 3991 1141 4036 nec
1159 3969 1272 4057 nimia,

167 4081 205 4141 ut
233 4074 334 4166 apud
353 4081 510 4166 poetam,
542 4074 725 4194 imaginum
746 4069 927 4141 multitudo
951 4076 1022 4192 est,
1053 4080 1087 4140 et
1107 4072 1272 4141 rationem

168 4179 316 4246 continet
332 4177 491 4246 idoneam
513 4177 642 4246 numeri
645 4176 872 4267 centenarii,
886 4195 989 4264 quem
1004 4175 1040 4242 in
1054 4174 1194 4243 fimbriis
1209 4197 1272 4243 zo-
1347 4257 1350 4264 Ι

146 4301 232 4364 ιιιιια
253 4304 321 4349 non
343 4282 519 4369 miramur,
547 4282 706 4353 miramur
728 4289 840 4349 autem
860 4277 895 4345 in
917 4275 1076 4360 urbibus,
1102 4277 1271 4368 quoniam,
1373 4287 1374 4290 ’

985 4395 1065 4465 Ἠ
