2918 4890
480 251 483 255 ’
567 259 704 323 LlB..I
747 256 894 327 ΕΔΜ
1125 278 1129 285 ’
1237 266 1281 330 21

167 449 364 519 alterurn
339 473 386 518 src
409 458 461 519 est
480 449 676 572 dicendum,
707 450 1040 573 προςεξαιρίεται“
1017 480 1062 549 ην
1091 446 1278 547 βούλεται,

168 554 315 621 alterum
335 553 658 650 προςεξαιρεῖται
634 581 679 649 ην
702 552 748 626 ἄν
762 547 955 680 βούληται.
999 555 1168 625 Lucienus
1191 557 1280 628 Dian

168 667 269 724 mort.
285 656 345 726 lX.
361 656 396 723 2.
416 656 459 727 Τ.
474 656 500 724 1.
517 679 552 746 p.
570 655 654 728 361.
668 684 727 729 και
739 684 918 751 μακαριος
932 685 976 753 ην
991 685 1123 739 αυτων
1151 655 1279 732 ὅντινα

169 758 217 828 ἄν
242 757 304 830 καί
325 752 442 849 μόνον
464 761 700 854 προςέβλεψα.
752 758 896 827 ldemin
919 760 1065 880 Demop.
1090 759 1148 828 lo.
1169 761 1212 831 Τ.
1235 762 1278 830 ll.

170 858 260 944 379,
282 858 343 928 18.
373 861 482 935 πλέον
501 860 588 934 δὲ
566 889 586 958 η
615 862 817 936 ἔλαττον
796 889 919 956 εχαιρε
943 855 1059 936 ouroir
1082 862 1190 943 ἐνίοις
1212 859 1280 937 uri-

170 963 263 1054 τοῖν,
288 956 417 1054 μόνοις
434 903 663 1054 ε’ξιστοίιίενος
685 958 816 1037 ὁπόσοι
837 963 883 1037 dr
900 959 1048 1038 ἐδόκουν
1063 961 1165 1059 αύτμ
1188 963 1279 1061 ὑπὲρ

169 1059 239 1161 τήν
252 1066 317 1160 τῆς
330 1065 527 1160 θεραπείας
541 1065 668 1139 ἐλπίδα
688 1060 962 1163 διαμαρτοίνειν.
1012 1067 1076 1136 His
1090 1037 1254 1157 quidem
1244 1093 1280 1138 m

171 1168 306 1236 dnobus
326 1169 488 1259 exemplis
508 1178 669 1290 potuerat
683 1170 783 1238 etiam
799 1170 983 1262 optativus,
1008 1169 1069 1238 sed
1083 1173 1206 1240 omisso
1221 1169 1280 1262 dr,

106 1330 110 1345 .
170 1271 265 1364 poni
316 1272 376 1340 Sic
400 1273 531 1340 etiam
521 1295 556 1340 ιιι
577 1273 646 1340 1ιοο
671 1273 886 1363 Antiphontis
915 1273 1049 1364 locop.
1073 1270 1162 1360 168,
1195 1271 1280 1365 (85.

170 1371 308 1470 §J
229 1372 308 1465 ll.)
331 1375 457 1448 ἔπειτα
475 1402 543 1448 τον
563 1369 675 1471 χορδν
691 1372 901 1458 συνέλεξα
872 1403 918 1457 nc
932 1370 1157 1474 ε’δυνιίμην”
1131 1402 1281 1473 αριστα,

171 1475 261 1551 οὔτε
285 1470 461 1598 ζημιώσας
482 1473 632 1568 οὐδένα,
659 1477 745 1551 οὔτε
766 1481 914 1574 ἐνέχυρα
936 1477 1001 1572 βίᾳ
1023 1481 1143 1575 φερειν
1150 1534 1164 1567 ,
1192 1477 1278 1552 οὔτ’

171 1572 475 1672 ἀπεχθανόμενος
496 1577 642 1671 ουδενί,
670 1575 755 1655 ιίλλ
778 1579 889 1708 οῖςπερ
905 1581 951 1654 οῖν
965 1579 1096 1670 ἥδιστα
1112 1582 1173 1654 καί
1196 1587 1282 1656 επι-

133 1766 136 1770 *
170 1675 437 1804 τηδειότατα’
407 1685 638 1812 oppors'porc
656 1684 840 1776 ἐγίγνετο,
867 1678 937 1777 e'yoi
954 1685 1023 1776 μὲν
1043 1685 1205 1759 ἐκέλευον
1223 1684 1283 1758 καί

86 1854 95 1869 ,
173 1777 356 1882 ηιοίμην,
382 1793 418 1858 οι
415 1783 512 1858 δ
494 1781 635 1868 εκόντες
656 1814 715 1859 και
707 1781 994 1881 Ηβουλόμενοι
972 1813 1144 1879 επεμπον.
1196 1789 1282 1857 Per-

172 1888 257 1956 tinet
273 1888 319 1954 ad
340 1888 408 1956 hoo
425 1890 675 1958 constructionis
689 1913 797 1982 genos
815 1891 914 1957 etiam
929 1889 1167 1959 Demosthenis
1186 1891 1283 1960 locus

173 2015 209 2082 p.
236 1988 348 2059 1106.
374 1991 433 2059 ult
461 1990 532 2064 οίδί
558 1991 596 2066 δὲ
616 1992 664 2088 τῇ
691 1986 913 2088 παρακλήσει
937 1986 1159 2115 χρησάμενοι
1183 2020 1283 2090 περι-

174 2087 405 2185 πιτοίσματι,
428 2087 647 2216 διαθήκας’
630 2089 907 2221 εμαρτιίρηοαν,
935 2091 980 2174 uic
1004 2093 1050 2165 αῖν
1065 2090 1225 2187 μάλισθ
1247 2101 1284 2169 οἱ
1383 2160 1385 2165 ,

175 2195 344 2269 δικασταί
365 2190 505 2317 ταύτην
521 2223 589 2293 την
613 2191 833 2324 drudrixrprn’
816 2195 1030 2270 επίοτευσαν
1054 2196 1125 2268 τοῦ
1145 2224 1285 2292 πατροι

176 2295 294 2391 εἶναι,
330 2303 397 2390 ε’μοι
388 2291 461 2372 di
484 2295 723 2395 οῖπεκλείοδην
747 2327 816 2371 του
802 2292 950 2391 λόγου
972 2304 1095 2388 τυχεῖν
1120 2296 1211 2395 ιῖιιίρ
1234 2293 1284 2372 οἷν

178 2396 402 2494 α’διιιουμοιι,
430 2397 536 2525 crispe
550 2403 606 2529 ds}
633 2407 840 2528 φωραθεῖεν
854 2429 901 2473 τα
894 2395 1035 2523 ψευδῆ
1050 2427 1284 2500 μεμαρτυρη

176 2496 294 2583 νοτες·
324 2503 445 2577 καίτοι
462 2498 560 2598 ro'y
580 2503 746 2578 ἐναντίον
767 2502 882 2599 οῖοντο
902 2497 1049 2576 codro-u
1102 2504 1284 2592 Illicere,

171 2605 449 2700 provocationis
457 2616 658 2700 praetextu
673 2608 741 2692 usi,
766 2576 814 2677 de
831 2615 1045 2678 testamento
1060 2607 1187 2677 testati
1200 2616 1285 2678 sunt

177 2731 219 2778 eo
243 2709 373 2798 modo,
398 2732 467 2801 quo
479 2708 668 2803 facillime
687 2710 826 2780 iudices
849 2710 919 2779 hoc
934 2710 1063 2802 patris
1088 2719 1286 2780 testamen-

179 2821 256 2881 tum
277 2835 358 2882 esse
377 2813 551 2901 credere,
577 2835 650 2907 ego
668 2822 794 2893 autem
804 2810 853 2881 ab
873 2813 1021 2881 oranda
1041 2835 1179 2882 caussa
1202 2836 1286 2884 meu

177 2915 328 2984 excludi
354 2913 546 3008 debebam,
580 2916 652 3010 ipsi
668 2939 756 2986 vero
780 2954 826 2970 -
843 2913 958 3008 salsa
975 2917 1100 2985 testati
1117 2938 1197 2986 esse
1218 2918 1286 2986 de-

94 3043 97 3049 ·
173 3019 512 3112 prehenderentur.
557 3019 661 3112 atqui
689 3019 918 3090 contrarium
947 3017 1162 3112 sperabant.
1222 3021 1287 3088 Illa

180 3122 268 3190 enim
283 3119 388 3195 οὗτοι
404 3123 446 3195 δι’
448 3178 463 3211 ,
490 3122 563 3212 (hio
581 3145 666 3191 voce
681 3124 835 3215 paullum
848 3122 994 3191 subsistit
1009 3124 1138 3214 orator)
1161 3148 1286 3219 φωρα-

178 3230 282 3298 θεῖεν
295 3251 343 3297 τα
334 3217 477 3321 ψευδῆ
490 3219 822 3322 μεμαρτυρηκότες,
847 3225 974 3293 ironice
988 3225 1079 3293 dicta
1093 3249 1167 3294 esse
1182 3234 1286 3317 patet

178 3327 284 3418 Apud
302 3327 516 3397 Herodotum
541 3351 623 3398 vero
649 3328 784 3418 qnodl.
807 3325 924 3397 108.
914 3351 950 3395 ιιι
972 3329 1173 3420 quibusdam
1194 3329 1287 3398 libris

180 3432 417 3523 scriptumest,
443 3425 533 3524 λοίβε
546 3458 614 3504 τον
629 3460 675 3504 αν
692 3425 914 3529 Marmor*
893 3457 991 3504 ετεκε
1006 3435 1133 3521 παῖδα,
1159 3432 1207 3498 ita
1224 3431 1288 3500 de-

179 3556 273 3600 mum
286 3557 308 3599 a
323 3534 512 3602 soloecismi
527 3534 790 3626 reprehensione
806 3535 878 3623 qnis
892 3535 1029 3622 liberet,
1056 3537 1083 3603 si
1108 3535 1289 3604 contendat

179 3637 322 3703 veritum
337 3659 409 3704 esse
429 3638 622 3729 Astyagen,
647 3661 691 3705 ne
711 3637 801 3705 forte
822 3636 996 3705 Mandane
1013 3638 1177 3730 gemellos
1201 3649 1289 3708 esset

180 3747 239 3806 aut
262 3740 468 3831 tergeminos
487 3741 592 3810 enixa.
625 3740 672 3808 At
694 3740 731 3808 id
744 3741 799 3808 vix
820 3741 882 3808 erit
903 3741 958 3807 cni
969 3741 1149 3832 probetur:
1176 3751 1287 3810 recte-

181 3864 248 3931 que
272 3841 372 3910 codd.
397 3843 553 3934 plerique
579 3843 734 3911 omittunt
756 3840 814 3914 ι’ίν.
865 3841 1031 3912 Offendat
1056 3843 1198 3912 fortasse
1216 3847 1287 3914 ¹nli-

180 3967 284 4033 quem
298 3943 745 4037 dretiamapudLucianum
755 3946 853 4015 Halo.
870 3941 906 4012 5.
922 3945 999 4016 T.l.
1012 3971 1048 4073 p.
1040 3945 1151 4018 .1.81
1167 3949 1288 4020 ταῦτα

54 4061 59 4072 “
181 4040 252 4141 γαρ
273 4052 350 4128 τοῖς
370 4049 464 4173 νέοις
478 4075 523 4129 ως
538 4047 584 4122 dr
601 4045 703 4122 εἶπον
719 4047 877 4128 παιδίοις
891 4043 972 4120 οὐδ’
998 4053 1047 4130 εἰς
1061 4051 1148 4139 νοῦν
1164 4054 1287 4122 ἐλθεῖν

111 4157 113 4161 ’
182 4143 323 4222 δυνατοί
342 4149 524 4246 φαίνεται.
576 4153 666 4221 Νοιιι
679 4161 1001 4220 commemoraverat
1015 4155 1131 4245 paullo
1147 4161 1223 4219 ante
1239 4145 1289 4222 τοί
1377 4198 1380 4203 -

180 4245 293 4370 orioro
320 4254 502 4337 παντελῶς
521 4255 638 4355 βρέφη
653 4247 701 4330 τοί
718 4260 908 4351 πεμπταῖα
922 4256 960 4331 εἰι
975 4257 1116 4354 γενετῆς
1136 4283 1156 4344 η
1144 4253 1288 4328 δεκα-
