2918 4890
200 251 265 317 214
335 246 391 307 llE
414 242 648 305 assentur
671 241 962 303 Pnoun‘runo
983 236 1173 301 SOLVTO

203 441 236 507 in
254 437 341 507 libro
355 435 400 505 de
421 454 499 504 aere
514 434 597 507 locis
618 432 788 522 etaquis,
815 432 873 521 qui
889 453 993 522 quum
1012 453 1048 523 p.
1067 429 1157 517 291,
1172 427 1251 505 49.
1265 429 1316 501 de

204 539 345 632 Scythia
365 538 507 621 scribat,
537 541 652 610 ιιιῐπαι
669 529 740 628 γαρ
758 531 823 606 ὑπ’
840 531 966 614 αὐτοῖς
982 538 1062 614 ταῖς
1077 531 1231 627 ἄρκτοις
1247 533 1314 607 καὶ

205 649 280 724 τοῖς
295 640 395 737 ὄρεσι
410 645 485 720 τοῖς
496 636 734 723 Ῥιπαίοισιν,
762 634 852 708 ὅθεν
868 635 888 711 o‘
903 637 1032 732 βορέης
1048 639 1159 724 nudie,
1183 636 1314 728 paullo

206 757 301 832 ante,
327 767 358 812 v.
372 742 433 811 41.
449 742 546 809 dicit:
574 736 679 812 αὐτοὶ
693 735 727 811 δ’
745 738 910 812 ἐσθίουσι
925 740 1010 833 κρέα
1030 730 1143 833 ἑφθά,
1170 737 1234 813 καὶ
1248 737 1312 815 σι’-

207 875 311 923 οοοσι
324 838 416 939 roilo
430 851 560 930 ἵπποι,
580 839 639 914 καὶ
651 833 808 929 ἱππάκην
821 834 1018 936 τρώγουσι·
1044 840 1155 913 τοῦτο
1171 837 1207 913 δ’
1226 840 1312 914 ἐστὶ

208 943 315 1046 τορός
339 955 475 1020 ἵππον·
511 968 579 1014 non
602 944 758 1013 dissimile
782 944 852 1012 veri
874 942 1060 1032 videbitur,
1086 943 1186 1010 etiam
1208 943 1312 1035 apud

208 1051 417 1143 Aeschylum
441 1048 528 1116 haec
556 1048 730 1116 coniuncta
758 1046 876 1133 luisse,
914 1046 958 1114 de
981 1068 1050 1135 quo
1071 1045 1203 1115 'Strabo
1229 1045 1309 1114 Vll.

208 1180 242 1247 p.
259 1153 343 1222 300.
370 1151 428 1224 ιιαὶ
440 1143 620 1241 Αἰσχύλος
634 1145 669 1222 δ’
685 1148 854 1244 ἐμφαίνει
868 1147 1072 1247 σοιηγοροῖι
1086 1148 1139 1242 τῷ
1152 1146 1311 1246 ποιητῇ»

209 1250 324 1352 φήσας
336 1253 417 1350 περὶ
429 1254 501 1327 τῶν
518 1251 692 1326 Σαυθοῖι·

311 1402 394 1479 ἀλλ’
411 1398 561 1501 laudum
577 1403 759 1501 βρωτῆρας
772 1400 922 1496 ιῦιοριοι
936 1394 1096 1475 Σκύθαι.
1182 1494 1186 1503 Α

210 1560 362 1653 Egregie
382 1559 429 1626 ita
450 1557 624 1647 vulgatum
644 1554 786 1650 ἱππικῆς
804 1554 958 1651 βοτῆρες
971 1553 1161 1625 emendavit
1173 1551 1310 1629 (lasau-

209 1666 326 1732 bonus.
375 1653 561 1756 Ἰπποῖαηι,
585 1651 774 1732 Suadenti&
791 1657 943 1750 βρῶμα,
969 1680 1011 1727 ex
1026 1656 1310 1750 Aeliolllonysio

210 1764 408 1837 memoravit
422 1761 615 1831 Eustathius
627 1784 665 1862 p.
680 1757 767 1847 blo,
786 1759 844 1833 lli.
869 1759 972 1848 (880,
991 1757 1071 1852 52.)

154 1939 159 1948 ‚
315 1868 353 1934 ln
368 1867 423 1949 iis,
449 1887 536 1953 quae
556 1863 715 1954 deinceps
734 1863 970 1955 narrabantur,
994 1886 1114 1957 pugna
1133 1883 1307 1933 memora·

212 1973 310 2041 batur
324 1967 498 2037 subeunda
509 1967 647 2037 Herculi
666 1989 744 2035 curn
757 1967 954 2058 Liguribus:
981 1967 1025 2037 de
1044 1988 1112 2056 qua
1124 1975 1310 2055 antequam

215 2075 396 2154 diceretur,
423 2094 464 2139 ea
488 2069 688 2141 crediderim
713 2070 822 2163 posita
842 2069 961 2156 luisse,
987 2092 1075 2158 quae
1101 2068 1310 2145 Galenusin

213 2198 335 2246 comm.
344 2175 452 2268 prima
467 2172 512 2241 ad
524 2173 694 2264 Hippocr.
708 2171 867 2262 Epidem.
882 2172 940 2241 Vl.
954 2195 990 2262 p.
1003 2171 1091 2258 454,
1104 2169 1164 2245 56.
1179 2171 1247 2245 vol.
1262 2169 1307 2240 vt

213 2279 267 2349 ed
289 2277 368 2347 Bas.
394 2276 519 2366 (xvll.
540 2299 575 2367 p.
598 2274 684 2344 879.
704 2274 757 2343 ed.
772 2275 882 2366 Lips.)
908 2273 1026 2360 affert,
1051 2276 1078 2344 si
1098 2275 1155 2343 illu
1172 2282 1250 2343 sunt
1263 2295 1310 2347 ox

214 2383 333 2452 Soluto
355 2378 560 2451 Prometheo
574 2378 695 2468 petita,
727 2386 764 2445 ut
780 2377 889 2469 primo
904 2377 949 2445 H.
970 2377 1147 2469 Stephano
1167 2374 1214 2451 ad
1233 2377 1308 2452 Ae-

215 2481 371 2573 schylum
385 2505 421 2572 p.
439 2477 524 2547 356.
547 2478 669 2546 deinde
690 2478 907 2564 casaubono,
932 2479 1105 2568 Bentleio,
1132 2489 1166 2548 ct
1182 2480 1309 2571 pleris-

215 2608 282 2675 que
300 2582 370 2650 aliis
387 2580 496 2650 risum
512 2590 572 2668 est,
597 2603 675 2669 non,
699 2605 802 2670 quern
816 2583 964 2650 nominat
979 2583 1138 2666 Galenus,
1164 2604 1206 2650 ex
1220 2582 1309 2650 Vin-

215 2699 281 2756 cto.
332 2686 489 2755 Vinctum
506 2693 598 2753 recte
616 2685 825 2755 nominatum
835 2685 1005 2755 iudicabat
1022 2687 1072 2755 vir
1086 2684 1224 2776 quidam
1240 2685 1310 2761 (lu-

216 2801 304 2876 ctus,
330 2798 368 2856 ut
390 2798 467 2857 ante
486 2788 608 2859 multos
632 2811 735 2859 annos
760 2812 780 2856 a
800 2789 856 2858 Fr.
876 2789 967 2882 Aug.
987 2788 1114 2859 Wolfio
1135 2788 1309 2880 accepisse

216 2892 366 2962 memini:
390 2891 497 2960 videri
512 2892 599 2959 enim
615 2891 820 2961 intercidisse
833 2914 948 2963 versus
965 2893 1039 2961 illos
1054 2915 1132 2963 cnm
1148 2892 1308 2983 complu—

216 2997 307 3064 ribus
326 2994 396 3063 aliis
415 2996 547 3065 interr.
564 2991 651 3062 790.
676 3004 711 3061 et
731 2992 815 3063 791.
840 2993 895 3066 ed.
918 2994 1022 3063 Stanl.
1072 2994 1206 3065 Eadem
1224 2993 1310 3070 mibi

217 3119 354 3187 quoque
373 3097 514 3165 subnata
534 3095 644 3163 fuerat
658 3096 818 3187 suspicio,
844 3097 937 3186 quod
952 3097 992 3165 lo
1007 3119 1071 3189 par
1086 3099 1242 3190 regiones
1256 3100 1312 3167 se'

216 3200 465 3291 ptemtrionales
480 3208 514 3267 et
529 3198 749 3267 occidentales
762 3200 796 3266 in
810 3200 955 3290 Libyam
963 3210 1166 3291 perventura
1175 3200 1311 3271 dicere-

217 3314 281 3375 tur.
314 3303 367 3371 Ac
384 3325 426 3370 nc
445 3301 549 3369 bodie
564 3301 699 3390 quidem
715 3311 824 3373 utrum
839 3300 963 3371 horum
974 3325 1091 3371 verum
1104 3327 1179 3375 esse
1196 3302 1311 3373 dicam

217 3407 296 3474 scio.
347 3405 575 3475 Neutri·enim
597 3406 779 3473 sententiae
795 3405 913 3494 deest,
939 3406 1032 3494 quod
1052 3429 1128 3475 eam
1147 3407 1232 3475 tueri
1255 3408 1311 3477 vi·

218 3507 356 3590 deatur,
383 3507 481 3576 etiarn
495 3507 522 3574 si
537 3505 617 3574 nibil
630 3507 813 3577 tribuamus
827 3507 943 3576 addito
958 3510 1165 3599 cognomini,
1185 3508 1221 3577 in
1237 3532 1312 3599 quo

218 3612 272 3678 vel
287 3610 362 3699 ipse
380 3607 528 3676 Galenus
542 3610 596 3676 vel
611 3610 738 3678 librarii
752 3634 861 3680 errare
874 3621 1062 3702 potuerunt
1100 3613 1190 3683 Nam
1203 3634 1313 3701 quum

218 3714 253 3780 in
273 3713 335 3780 illis
354 3711 567 3804 fragmentis,
590 3711 739 3801 quisquis
761 3714 789 3781 is
810 3723 877 3799 est,
904 3716 1040 3804 quicum
1057 3715 1204 3804 loquitur
1218 3715 1312 3784 Pro-

220 3814 382 3901 metheus,
407 3815 483 3883 loca
495 3822 596 3882 vento
611 3813 723 3882 Borea
740 3816 861 3887 infeste
873 3815 1022 3887 aditurus
1035 3816 1174 3902 dicatur,
1199 3839 1313 3907 aeque

219 3916 256 3984 id
269 3926 304 3984 et
319 3918 355 3985 io·
372 3917 461 3987 lonis
481 3917 567 3985 etin
585 3915 740 3987 Herculis
760 3941 940 4008 personam
962 3920 1059 3989 cadit
1110 3920 1150 3990 lo
1171 3920 1313 4010 quidam

220 4041 330 4111 nuper
342 4020 412 4087 risa
428 4031 477 4089 est
495 4043 560 4112 per
578 4019 736 4087 orientem
750 4021 784 4089 iu
798 4023 943 4112 Libyam
960 4023 1090 4092 veniret
1117 4046 1220 4112 quant
1231 4046 1313 4098 seu-

219 4121 356 4191 tentiam
369 4124 546 4191 novissime·
559 4121 711 4191 defendit
730 4124 943 4216 Reinganum
954 4127 988 4195 in
1000 4125 1107 4195 Iahnii
1123 4127 1312 4214 annalibus,

172 4225 289 4296 based
304 4226 341 4294 iis
355 4228 568 4318 argumentis,
590 4226 709 4315 quibus
724 4237 761 4295 ut
773 4227 856 4297 falsa
869 4231 979 4320 potius
995 4252 1098 4318 quam
1110 4253 1192 4299 vera
1203 4229 1313 4298 rideri
