2918 4890
544 291 626 356 ιιιε.
648 291 684 354 11.
730 291 825 355 σεε.
847 250 924 358 ωε.
1220 295 1283 357 ιον

169 485 305 569 dotum,
330 501 435 570 quum
456 503 476 546 a
493 480 604 550 multis
626 481 844 573 scriptoribus
859 482 969 574 posita
989 482 1051 567 sit,
1079 482 1134 549 alii
1151 482 1279 551 nudum

167 586 253 681 πρὶν
273 593 495 676 usurparunt,
528 593 565 651 ut
596 585 777 675 Dionysius
808 595 986 675 tyrannus,
1021 585 1213 676 Sophocles
1245 588 1280 654 in

168 688 353 780 Tyndaro,
390 686 481 754 idem
503 687 537 754 in
567 687 700 776 Tereo,
727 688 908 778 Euripides
939 688 975 754 in
1005 685 1153 776 CressiS,
1186 689 1280 780 apud

168 792 356 862 Stobaeum
371 788 444 862 CV.
466 788 501 863 2.
519 788 554 862 3.
573 789 634 863 21.
652 788 712 863 26.
730 814 873 880 quorum
888 790 972 857 illud
987 813 1029 858 ex
1049 792 1164 859 Tereo
1182 793 1279 859 Plut-

169 894 291 1066 :pfchus
305 894 341 961 in
355 891 462 961 Dictis
478 916 599 986 regum
614 917 650 986 p.
668 893 755 966 184.
770 895 813 966 Β.
832 894 875 961 ab
888 893 1042 962 Eumene
1056 895 1102 963 ita
1116 902 1280 964 mutatum

219 1008 287 1084 ert,

271 1128 325 1231 μή
351 1131 483 1206 σπεῦδε
508 1131 645 1230 γῆμαι,
673 1134 759 1232 πρίν
785 1129 1044 1232 τελευτήσαντ’
1071 1135 1169 1232 ἴδης,

170 1270 225 1339 alii
245 1279 371 1338 autem
377 1269 504 1337 ibidem
521 1270 564 1343 fr.
587 1269 645 1337 l4.
669 1270 728 1339 38.
749 1299 833 1368 πριν
855 1301 901 1344 αν
926 1273 1058 1350 dixere,
1085 1272 1279 1340 nominatim

169 1372 381 1466 Euripides
371 1396 406 1439 m
429 1372 717 1448 Andromachae·
741 1373 827 1448 1⁰1
848 1384 882 1443 et
898 1375 1115 1467 Sophocles
1105 1398 1139 1442 ιιι
1151 1376 1279 1466 princi-

169 1479 230 1568 pio
246 1460 519 1547 Trachiniarnm.
554 1478 644 1543 Hinc
666 1478 806 1545 iudicari
821 1479 945 1569 poterit
965 1477 1075 1545 dehis
1091 1478 1186 1568 apud
1203 1479 1279 1547 He-

169 1580 375 1652 rodotumi.
393 1602 468 1670 cap.
485 1578 572 1652 197.
597 1607 677 1676 σιγη
663 1580 733 1653 δέ
753 1586 988 1677 παρεξελθεῖν
1006 1606 1073 1652 τον
1091 1574 1299 1674 κείμνοντα
1334 1606 1340 1613 ’

170 1681 218 1757 οὔ
238 1709 305 1776 σφι
330 1684 464 1770 ἔξεστι,
491 1682 577 1776 πρίν
597 1681 642 1753 σίν
666 1682 854 1781 ἐπείρηται
879 1681 1008 1779 ἥντινα
1031 1683 1162 1808 νοῦσιην
1185 1685 1278 1774 ἔχει·

78 1850 80 1853 .
171 1795 207 1854 et
229 1809 305 1878 cap.
329 1783 464 1856 198.
439 1811 564 1878 αγγεος
584 1779 653 1878 γοῖρ
677 1782 860 1866 nudares
835 1807 998 1880 αψονται
1020 1812 1105 1882 πριν
1122 1815 1167 1858 αν
1190 1784 1279 1859 λοέ-

171 1915 319 1960 σωνται
370 1887 409 1954 ln
432 1888 549 1979 primis
565 1897 677 1955 autem
692 1897 810 1979 aperta
833 1898 912 1980 apte
936 1887 1088 1955 additi
1062 1916 1108 1958 αν
1124 1890 1281 1981 exempla
1396 1979 1398 1982 Α

172 2000 248 2063 sunt
269 1991 305 2057 in
321 1989 392 2076 his,
413 1986 446 2063 l
470 1989 565 2056 82.’
548 1984 765 2079 εποιήσαντο
787 1985 902 2084 νόμον
919 2019 961 2062 τε
975 1989 1034 2062 καί
1050 1985 1211 2119 κατοίρην
1227 1984 1281 2086 μή

172 2088 354 2188 πρότερον
369 2094 525 2188 θρέψειν
543 2087 656 2216 κόμην
670 2089 844 2189 Αργείων
858 2095 1008 2190 μηδένα,
1035 2092 1124 2189 μηδε
1138 2121 1203 2173 τας
1216 2121 1280 2186 yv-

173 2189 298 2276 ναΐκιίς
319 2221 385 2291 σφι
408 2189 718 2315 χρυσοφορήσειν,
745 2222 829 2291 πριν
845 2194 890 2267 οἷν
899 2190 1092 2318 Θυρέας’
1068 2189 1282 2267 ανασεέσων-

173 2326 247 2371 ται.
299 2299 346 2366 Ε1
352 2321 449 2428 cap.
478 2297 561 2365 14⁰.
587 2322 632 2378 ως
661 2326 703 2370 ον
701 2292 910 2422 πρέτερον
936 2291 1124 2370 θάπτεται
1151 2291 1283 2392 ανδρός

176 2397 361 2497 Πέρσεω
340 2428 360 2472 ο
380 2404 492 2487 νέκυς,
519 2401 605 2493 πρὶν
622 2399 670 2474 οἲν
687 2396 752 2472 riu
775 2398 964 2496 ὄρνιθοςῆ
979 2391 1083 2479 κννός
1100 2398 1282 2496 ελκοσθῆ-

175 2531 246 2575 ναι.
297 2503 390 2571 Nihil
408 2505 496 2571 enim
513 2505 634 2588 refert,
661 2503 888 2571 coniunctivus
909 2527 952 2570 an
968 2502 1145 2572 infinitivus
1162 2503 1282 2570 adiun-

174 2614 285 2698 gatnr.
338 2606 437 2678 Etc
461 2602 597 2678 159.
574 2612 682 2728 ημεῑς
696 2607 734 2678 δὲ
758 2605 1002 2698 δειμαίνοντες
1022 2632 1089 2701 την
1112 2607 1283 2700 Περσέων

176 2703 347 2800 δύναμιν,
373 2703 439 2780 τόν
457 2711 574 2828 ἱκέτην
588 2714 621 2787 ἐς
636 2702 722 2780 τόδε
738 2735 780 2780 ου
772 2701 1072 2835 ’τετολμηκαμεν
1089 2702 1282 2797 ἐκδιδόναι,

175 2837 261 2904 πριν
293 2836 338 2880 αν
370 2837 414 2882 το
454 2803 528 2882 οίπο
558 2811 621 2881 σεῦ
641 2807 727 2905 ἡμῖν
753 2809 900 2905 δηλωθῇ
932 2806 1105 2907 ατρεκέως
1128 2803 1282 2902 ὁκότερα

176 2913 365 3004 ποιέωμεν.
399 2912 584 2980 Aeschines
600 2911 879 3003 contraCtesiph
895 2909 956 3001 86,
970 2910 1006 2984 4
1024 2936 1058 3003 p.
1075 2900 1160 2978 628.
1178 2909 1282 3001 (56⁰.

176 3009 211 3108 §.
231 3012 333 3104 236.)
361 3041 404 3087 ου
395 3011 608 3138 ’μέμνησθ
627 3011 688 3088 ὅτι
712 3011 826 3094 οὐδεὶς
843 3011 990 3086 ποίποτε
1015 3015 1168 3088 ἐπέθετο
1191 3008 1285 3110 πρέ

176 3142 285 3212 τερον
299 3115 347 3212 τῇ
359 3144 426 3189 τσο
413 3111 558 3212 ’δήμου
573 3110 779 3236 καταλύσει,
807 3115 891 3215 πρὶν
909 3116 954 3190 ἄν
968 3115 1075 3211 μείζω
1092 3116 1165 3192 τοῖν
1183 3120 1284 3190 δικα-

178 3217 331 3317 στηρίων
352 3213 486 3316 ἰσχύσῃ

700 3375 758 3443 lx.

179 3505 244 3577 De
271 3511 345 3590 ἕως
372 3509 583 3603 aliisque
608 3511 727 3579 idem
746 3481 1285 3603 'significantibuspar-

418 3630 585 3700 ticulis
613 3652 709 3698 cum
740 3631 1046 3699 coniunctivo.

280 3762 413 3833 Eadem
425 3768 627 3858 plane-ratio
643 3775 693 3834 est
707 3768 890 3860 particulae
908 3773 970 3846 ἕως
985 3776 1019 3834 et
1034 3766 1197 3836 similium.
1224 3765 1287 3834 His

178 3887 326 3954 quoqne,
353 3871 512 3958 quoniam
529 3872 689 3963 exiguum
705 3871 882 3938 discrimen
894 3882 943 3938 est
958 3878 991 3936 et
1003 3871 1203 3960 plerumque
1219 3892 1288 3938 ιιοιι

177 3969 292 4060 magni
307 3971 413 4041 refert
431 3974 624 4042 utromodo
641 3974 713 4063 quis
731 3975 899 4062 loquatur,
926 3972 1024 4039 adiici
1040 3973 1111 4040 fere
1130 3974 1217 4041 solet
1230 3970 1288 4056 ἄν,

177 4074 412 4163 praesertima
432 4099 557 4168 prosae
573 4076 729 4144 orationis
750 4064 978 4168 scriptoribus.
1028 4076 1100 4144 Sed
1122 4076 1220 4143 facile
1234 4083 1287 4140 ta-

178 4195 258 4241 men
282 4178 422 4267 sentias,
456 4203 530 4248 esse
557 4181 615 4247 ubi
639 4181 748 4271 aptius
768 4181 949 4246 omittatur.
1010 4179 1062 4246 lta
1086 4181 1154 4247 iam
1183 4176 1288 4245 mori·
1356 4173 1371 4213 7

178 4275 311 4348 bundus
327 4281 401 4371 quis
424 4291 517 4352 recte
540 4283 669 4352 diceret
688 4282 894 4352 adstantibus
913 4283 1026 4355 amicis
1047 4280 1202 4376 μίμνετε
1224 4285 1287 4360 ἕως
