2918 4890
180 277 245 342 ιω
527 270 585 331 on
621 269 894 335 sauricum
915 265 962 334 tv

182 474 257 532 ctae
276 458 447 530 notatione
468 469 600 549 carent,
625 459 670 528 ad
692 460 777 528 illud
797 461 983 553 praecipue
999 468 1133 553 tempus
1155 458 1295 530 traham

181 576 256 652 tut,
281 561 376 654 quod
395 572 514 632 natura
530 587 589 632 sua
609 587 664 632 res
679 587 747 632 non
762 564 867 632 iactas
885 564 1140 656 complectitur,
1165 565 1177 630 i
1205 588 1234 632 e.
1252 563 1296 632 ad

182 669 342 761 futurum.
394 668 446 736 lta
467 667 596 735 factum
617 675 686 756 est,
708 676 746 734 ut
768 667 937 758 optativus
961 690 1039 735 cum
1061 667 1226 759 particula
1249 666 1296 738 ἄν

183 771 393 842 consociatus
408 771 510 838 futuri
524 770 804 864 significationem
819 769 949 838 habere
966 771 1181 840 existimetur.
1223 772 1296 841 Sed

181 875 251 944 hoc
270 896 408 964 quoque
431 875 479 941 ita
496 884 548 943 est
570 880 821 965 comparatum,
846 883 884 942 ut
902 874 1015 965 ipsum
1035 874 1188 943 futurum
1207 883 1296 944 tem·
1362 877 1366 884 '

183 1001 250 1071 pus
264 999 337 1045 rem
350 985 387 1044 ut
401 988 528 1046 certam
542 977 715 1063 enunciet,
741 975 910 1068 optativus
931 985 966 1044 et
989 975 1036 1048 cir
1055 987 1170 1045 autem
1183 989 1221 1047 ut
1242 989 1296 1047 ta-

183 1083 268 1165 lem,
294 1103 382 1169 quae
401 1079 554 1169 videatur
574 1080 687 1149 futura
710 1103 803 1166 esse,
833 1079 861 1148 si
881 1080 1061 1171 impleatur
1083 1081 1142 1149 illa
1164 1105 1207 1151 ex
1228 1106 1296 1172 qua

183 1183 312 1279 pendet
324 1182 482 1256 conditio.
531 1184 583 1252 lta
596 1182 759 1254 differunt
772 1182 878 1252 haec.

1264 1272 1270 1307 i

288 1365 313 1408 α
298 1334 398 1410 “tat
418 1338 617 1430 γενέσθαι,
643 1336 764 1409 ταῦτα
790 1335 851 1409 ναὶ
876 1329 1078 1456 γενήσεται.
1271 1337 1277 1375 i

290 1435 314 1512 ὅ
338 1465 378 1511 τι
402 1467 462 1512 τοι
487 1432 675 1536 μόρσιμόν
701 1443 819 1527 ἐστιν,
845 1432 892 1511 ιδ
917 1435 1053 1530 γένοιτ’
1079 1435 1136 1510 ἄν.

184 1591 289 1661 Attici
302 1589 459 1680 quidem,
485 1590 544 1681 qui
562 1599 675 1658 amant
692 1589 806 1658 omnia
829 1590 1034 1660 dubitantius
1054 1591 1187 1677 dicere,
1213 1614 1297 1682 prae

114 1687 121 1696 ’
185 1695 326 1763 caeteris
343 1693 412 1762 hoc
427 1695 568 1785 optativi
584 1717 648 1762 usu
662 1693 880 1762 delectantur.
921 1694 991 1778 Qui
1004 1695 1031 1764 si
1044 1717 1296 1784 nonnumquam

185 1797 286 1866 etiam
301 1819 407 1886 quum
428 1797 511 1886 quid
534 1797 716 1866 certissime
734 1796 885 1864 futurum
901 1795 1015 1865 dicere
1036 1799 1171 1886 volunt,
1198 1807 1297 1890 opta·

184 1901 290 1969 tivum
306 1899 517 1993 praeferunt,
543 1922 612 1969 non
626 1909 676 1968 est
692 1923 734 1967 ea
751 1899 959 1993 negligentia
972 1901 1209 1991 existimanda,
1236 1901 1297 1969 sed

184 2004 297 2096 figura
322 2004 424 2072 etiam
444 2004 515 2072 aliis
534 2004 569 2071 in
593 2002 728 2071 dicendi
751 2003 933 2094 generibus
959 2003 1188 2090 usitatissima,
1229 2028 1297 2095 qua

185 2106 290 2174 verba
306 2105 519 2176 dubitationis
537 2107 651 2199 plena,
670 2106 893 2200 pronunciata
906 2106 1159 2200 significantius,
1179 2107 1296 2176 fortius

185 2219 386 2284 asseverant

287 2312 355 2380 Hic
372 2334 455 2382 vero
471 2300 612 2403 optativi
627 2333 706 2380 cum
720 2308 928 2404 particula
902 2337 949 2385 αν
964 2273 1132 2381 coniuncti
1146 2335 1225 2382 usus
1242 2315 1297 2382 vel

71 2458 75 2463 -
185 2437 251 2507 per
264 2437 301 2483 se
317 2414 390 2505 ipse
405 2414 538 2506 prodit,
564 2437 624 2481 cur
640 2413 734 2482 haud
751 2414 852 2481 facile
866 2413 960 2532 quis,
984 2423 1023 2482 ut
1036 2414 1150 2484 futura
1161 2417 1297 2503 indicet,

185 2517 287 2585 futuri
307 2517 348 2584 sit
370 2517 528 2607 optativo
542 2538 671 2584 usurus.
725 2517 842 2602 Quum
865 2516 954 2584 enim
978 2519 1045 2586 iam
1067 2515 1224 2612 γίγνοιτ’
1251 2548 1297 2592 αν

65 2614 67 2619 ’
187 2626 222 2688 et
241 2614 417 2712 yivocv’²¹
392 2646 438 2690 αν
454 2618 500 2687 ad
518 2641 573 2686 res
589 2619 718 2687 futuras
738 2619 945 2703 reserantur,
971 2619 1055 2710 quid
1073 2645 1160 2714 opus
1173 2631 1223 2689 est
1243 2621 1297 2689 di-

187 2743 266 2790 cere
284 2713 452 2817 γενήσοιτ
459 2717 558 2794 civ?
584 2721 720 2808 Quin’
695 2744 723 2790 ει
738 2723 813 2814 quis
829 2723 876 2790 ita
889 2723 1102 2813 loqueretur,
1127 2725 1298 2794 videretur

187 2825 244 2894 iilo
274 2825 465 2916 praesentia
492 2849 533 2893 ac
562 2827 745 2920 praeterita
769 2824 963 2899 excludere.
1022 2827 1065 2895 Id
1092 2851 1194 2914 vero,
1234 2829 1297 2896 nisi

187 2926 355 3019 quaedam
370 2928 471 3019 plane
491 2930 665 3022 siuguimis
681 2931 766 2997 ratio
784 2930 859 2997 fieri
872 2929 1006 3017 iubeat,
1031 2954 1075 2999 ne
1101 2940 1195 3000 recte
1220 2933 1298 3022 qui-.

188 3029 267 3098 dem
289 3029 401 3099 faciat.
452 3031 542 3100 Nam
563 3054 651 3121 quae
671 3032 786 3100 futuro
810 3032 924 3122 aliquo
939 3041 1096 3124 ternpore
1118 3035 1193 3103 fieri
1212 3058 1296 3125 pos·

188 3142 279 3220 sunt,
305 3133 405 3202 etiam
418 3155 506 3200 nunc
523 3143 664 3225 possunt
676 3135 767 3222 fieri,
794 3144 829 3202 et
846 3136 1027 3213 antefacta
1043 3138 1127 3206 esse.
1181 3138 1297 3222 Quare

187 3236 243 3303 vix
258 3247 343 3328 puto
360 3237 514 3327 exempla
534 3237 619 3305 illius
638 3238 910 3322 constructionis,
936 3261 1024 3329 quae
1045 3262 1115 3308 non
1132 3240 1297 3310 mendosa

188 3339 270 3427 sint,
301 3339 508 3407 inventum
499 3341 547 3408 ni.
599 3340 704 3434 Apud
733 3341 995 3433 Aristophanem
1027 3343 1163 3434 quidem
1191 3345 1295 3436 Vesp.

187 3391 299 3514 1994.
314 3451 407 3510 recte
421 3442 488 3509 iam
502 3442 641 3535 legituu:
836 3479 841 3483 ·

288 3590 333 3666 ου’
358 3587 428 3689 yoip
450 3589 494 3687 ἦν
520 3591 606 3690 ημῖν
633 3591 727 3673 ὅπως

289 3698 394 3794 ῥῆσιν
421 3691 463 3768 εὖ
487 3698 598 3778 λέξειν
624 3699 821 3789 ἐμέλλομεν
847 3690 953 3788 τότ’,
981 3695 1065 3772 ov'de'

261 3793 577 3922 συκοφαντήσειν
602 3825 688 3871 τινα

261 3895 459 3997 optivus,
488 3897 571 3975 ciii
598 3899 691 3983 ὄςτις
717 3899 913 3996 ἑρέτηςὲ-

287 4000 384 4074 σοιι’
410 4001 570 4098 ἄριστος,

183 4176 249 4250 pro
264 4144 305 4233 ὃς
319 4151 380 4243 ἄν,
408 4175 448 4221 ex
464 4145 557 4222 libris
573 4155 658 4223 Rav.
676 4166 711 4223 et
725 4155 810 4228 Ven.
827 4154 885 4245 qui
900 4152 993 4237 ὅςτις
1008 4155 1054 4229 ἄν
1071 4154 1185 4228 habet.
1223 4155 1295 4224 Mi-

182 4281 259 4343 rum
277 4279 359 4328 vero
382 4255 476 4351 apud
497 4256 696 4352 Lycurgum
715 4253 752 4356 ᾗ,
779 4253 839 4328 15.
860 4282 897 4352 p.
918 4258 1003 4339 149.
1028 4260 1144 4329 Reisk.
1168 4261 1295 4330 nullum
