2918 4890
543 246 853 308 COLVTHI.
1192 249 1259 311 226

174 377 179 411 Ι
251 441 293 510 V.
311 435 397 510 254.
425 460 530 531 quum
551 432 792 535 θαλερόνρεο
814 439 983 537 θαλερῶν
999 437 1166 530 praebeat
1181 437 1256 508 cod.

56 588 58 594 ,
147 546 236 615 Mut.
252 544 397 613 maxime
414 543 558 635 simplex
572 543 692 635 opinor
706 543 896 611 emendatio
910 542 1113 636 praestabit,

91 713 95 722 '
200 697 260 772 ιιαὶ
276 687 451 789 θαλάμου
468 687 726 792 προπάροιθεν
741 689 965 770 ὀπιπεύουσα
982 688 1142 794 θυράων.

250 850 292 919 V.
311 846 398 917 258.
426 848 522 917 Nihil
537 850 687 940 suspecti
701 850 844 921 haberet
859 849 916 918 hic
935 850 1047 937 locus,
1076 849 1104 918 si
1119 849 1256 940 legere-

148 966 203 1023 tur
218 951 348 1026 άλλοτο
363 951 442 1044 μέν.
483 951 589 1036 Quod
603 953 680 1021 libri
694 977 812 1023 omnes
823 954 952 1023 habent
967 950 1097 1026 ἄλλοτε
1115 946 1169 1048 δή,
1195 975 1256 1021 ve-

149 1080 226 1126 reor
247 1080 291 1125 ne
313 1053 529 1123 scribendum
551 1056 594 1124 sit
614 1053 744 1131 ἄλλοτε
760 1058 820 1147 δέ,
847 1056 1034 1126 exciderint
1054 1064 1166 1124 antem
1193 1055 1255 1122 ali-

149 1169 233 1251 quot
248 1181 381 1246 vemnr,
406 1158 574 1249 inquibus
588 1159 732 1229 fortasse
755 1183 833 1228 cum
849 1157 1009 1269 Apolline
1030 1155 1255 1251 comparabass
1318 1202 1321 1207 -

149 1275 204 1332 tur
225 1262 339 1349 Paris,
372 1261 487 1330 omissi
508 1261 556 1329 illi
580 1284 645 1353 per
665 1264 924 1357 negligentiam,
957 1263 1132 1330 aberrante
1156 1261 1256 1330 oculo

87 1423 88 1426 ,
150 1367 195 1435 ad
221 1365 352 1440 ἄλλοτε
384 1365 423 1439 δέ
450 1365 495 1433 ab
523 1362 654 1440 ἄλλοτε
684 1369 771 1461 μέν,
804 1367 899 1459 quod
928 1366 1084 1457 superius
1108 1366 1257 1459 positum

150 1494 192 1540 ne
219 1470 309 1541 lexit.

193 1494 220 1564 g
254 1573 296 1645 V.
310 1568 397 1642 264.
424 1569 650 1640 scribendum
668 1572 801 1658 videtur
821 1571 879 1647 ἐπὶ
898 1570 1068 1670 ξυνοχῇσι
1087 1565 1256 1670 καρήνου.

112 1701 117 1709 “
150 1679 204 1747 lta
218 1676 336 1768 capitis
353 1697 430 1743 cum
444 1677 575 1744 cervice
589 1677 776 1746 iuncturam
792 1677 953 1770 appellat.

254 1781 295 1852 V.
312 1776 398 1846 266.
424 1779 551 1849 Veram
573 1804 647 1851 esse
663 1791 749 1874 puto
768 1782 932 1853 librorum
947 1779 1169 1874 scripturarn,
1196 1779 1259 1849 sed

151 1886 265 1953 malim
278 1885 328 1952 ita
339 1883 513 1976 distingui:
630 1916 638 1931 ι

205 2028 314 2108 ξεῖνε,
341 2013 460 2093 πάθεν
475 2019 637 2102 τελέθεις
652 2013 786 2119 ε’ραπάν
802 2019 902 2113 γένος
910 2047 924 2111 ,·
953 2019 1029 2093 εἰπέ
1047 2019 1108 2093 καὶ
1124 2017 1223 2118 ἡμῖν.

151 2177 215 2244 Est
232 2200 273 2245 ea
287 2172 490 2243 blandientis
506 2173 632 2261 oratio,
658 2173 800 2243 similem
814 2172 883 2241 vim
898 2171 1048 2264 habens,
1074 2183 1112 2244 ut
1125 2175 1259 2244 Home-

153 2281 260 2349 ricum
272 2276 374 2360 illud,
401 2282 461 2348 ἵνα
478 2276 621 2367 εἴδομεν
637 2274 760 2372 ἄμφω.

255 2381 399 2450 Versum
421 2375 507 2448 269.
535 2381 592 2470 qui
619 2381 739 2449 ecod.
761 2379 849 2450 Mut.
877 2380 1035 2467 accessit,
1065 2403 1171 2470 quum
1191 2404 1263 2453 nou

154 2485 369 2554 commodam
385 2480 502 2550 sedem
518 2491 634 2551 tenere
653 2484 938 2554 animadverteret
958 2484 1121 2577 lulianus,
1146 2483 1261 2577 posuit

154 2611 232 2658 eum
248 2596 324 2656 ante
336 2608 368 2656 v.
385 2583 471 2653 268.
504 2586 551 2656 At
570 2610 613 2655 ne
635 2589 683 2663 sic
705 2587 843 2679 quidem
857 2588 1046 2680 elegantiae
1066 2589 1257 2660 consulitur.

154 2692 244 2760 Mihi
260 2688 436 2783 ponendus
454 2688 586 2758 videtur
600 2700 678 2762 ante
691 2716 723 2762 r.
742 2689 829 2767 273.
855 2714 925 2782 quo
941 2692 1019 2760 loco
1035 2713 1113 2761 enm
1135 2691 1208 2784 legi
1224 2699 1261 2760 et

154 2819 208 2864 res
224 2802 258 2863 et
270 2793 375 2863 verba
388 2793 569 2885 postulant.

257 2916 298 2984 V.
315 2910 401 2985 276.

204 3058 292 3129 τοῖα
310 3046 434 3149 Πάριν
451 3050 639 3123 ποθέουσα
654 3043 849 3147 λιγύθροος
861 3049 984 3124 ἔννεπε
1000 3040 1135 3150 νάμφη.

156 3207 254 3274 Haec
278 3205 353 3272 cod.
373 3205 460 3272 Μαί.
485 3203 653 3295 scriptura
673 3204 810 3272 minime
835 3204 950 3295 inepta
969 3203 1136 3273 videbitur
1155 3186 1260 3296 repu-

157 3300 388 3401 έοοῐίᾝάριν
412 3329 480 3374 non
508 3329 587 3374 oum
609 3308 821 3394 ποθέουσα,
849 3306 912 3374 sed
926 3330 1004 3375 cum
1026 3309 1150 3382 ἔννεπε
1175 3331 1259 3375 con-

156 3411 365 3505 iungendam
382 3431 473 3493 esse,
499 3431 568 3499 quo
590 3409 811 3479 modoetiam
827 3409 996 3481 Homerus
1013 3407 1090 3484 εἷπε
1104 3435 1182 3481 cum
1200 3434 1260 3487 ac-

158 3516 306 3587 cusativo
322 3510 511 3580 construxit.

259 3651 301 3722 V.
316 3647 402 3720 278.
430 3647 645 3750 scribendum
657 3657 761 3741 puto,

211 3790 248 3861 εἴ
258 3781 344 3862 τινά
361 3813 432 3859 που
454 3783 609 3884 Φρυγίης
626 3785 683 3859 ἐπὶ
698 3786 845 3883 πείρασι
859 3793 968 3881 γαῖαν
985 3781 1139 3868 οιίιοάοις.
1199 3794 1201 3799 ’

160 3941 265 4026 Quod
281 3941 357 4009 libri
378 3939 506 4009 habent
523 3937 595 4026 ἑνί,
622 3940 763 4032 siquem
781 3964 848 4034 ego
865 3965 998 4011 sensum
1014 3941 1135 4010 harum
1148 3963 1261 4009 rernm

158 4043 283 4130 habeo,
308 4044 375 4112 hac
391 4044 425 4111 in
446 4042 528 4111 sede
549 4067 664 4113 versus
680 4049 718 4118 έν
734 4043 872 4114 dixisset
885 4053 999 4138 poeta.
1052 4045 1162 4143 ldqpe
1179 4043 1262 4112 red-

161 4147 310 4216 dendum
324 4147 474 4216 existimo
488 4146 588 4215 etiam
597 4146 742 4216 Musaeo
763 4170 795 4216 v.
810 4146 871 4216 81.
893 4149 985 4240 apud
999 4172 1102 4240 quem
1113 4172 1147 4220 xv.
1173 4146 1260 4218 271.

160 4252 336 4321 meliorem
349 4250 549 4343 scripturam
566 4249 635 4319 duo
649 4250 751 4320 codd.
763 4252 931 4344 praebent
944 4245 1196 4351 παρακάτθεο.
