<?xml version="1.0" encoding="UTF-8"?>
<!DOCTYPE html PUBLIC "-//W3C//DTD XHTML 1.0 Transitional//EN"
    "http://www.w3.org/TR/xhtml1/DTD/xhtml1-transitional.dtd">
<html xmlns="http://www.w3.org/1999/xhtml" xml:lang="en" lang="en">
 <head>
  <title>
</title>
<meta http-equiv="Content-Type" content="text/html;charset=utf-8" />
  <meta name='ocr-system' content='tesseract 3.04.00' />
  <meta name='ocr-capabilities' content='ocr_page ocr_carea ocr_par ocr_line ocrx_word'/>
</head>
<body>
  <div class='ocr_page' id='page_1' title='image "./opuscula10hermgoog/opuscula10hermgoog_0273.png"; bbox 0 0 2918 4890; ppageno 0'>
   <div class='ocr_carea' id='block_1_1' title="bbox 401 148 443 219">
    <p class='ocr_par' dir='ltr' id='par_1_1' title="bbox 401 148 443 219">
     <span class='ocr_line' id='line_1_1' title="bbox 401 148 443 219; baseline 0 -38"><span class='ocrx_word' id='word_1_1' title='bbox 401 148 443 219; x_wconf 60' lang='lat' dir='ltr'><strong>Nl</strong></span> 
     </span>
    </p>
   </div>
   <div class='ocr_carea' id='block_1_2' title="bbox 218 265 1194 338">
    <p class='ocr_par' dir='ltr' id='par_1_2' title="bbox 218 265 1194 338">
     <span class='ocr_line' id='line_1_2' title="bbox 218 265 1194 338; baseline -0.014 0"><span class='ocrx_word' id='word_1_2' title='bbox 218 275 283 338; x_wconf 72' lang='lat'><strong>2⁰2</strong></span> <span class='ocrx_word' id='word_1_3' title='bbox 345 268 403 329; x_wconf 83' lang='lat' dir='ltr'><strong>DE</strong></span> <span class='ocrx_word' id='word_1_4' title='bbox 426 267 665 329; x_wconf 73' lang='lat' dir='ltr'><strong>nuscum</strong></span> <span class='ocrx_word' id='word_1_5' title='bbox 687 265 981 334; x_wconf 80' lang='lat' dir='ltr'>PROMETHEQ</span> <span class='ocrx_word' id='word_1_6' title='bbox 1005 265 1194 326; x_wconf 79' lang='grc' dir='ltr'><strong>8οΠΤο</strong></span> 
     </span>
    </p>
   </div>
   <div class='ocr_carea' id='block_1_3' title="bbox 170 455 1360 4049">
    <p class='ocr_par' dir='ltr' id='par_1_3' title="bbox 170 455 1360 4049">
     <span class='ocr_line' id='line_1_3' title="bbox 219 455 1353 546; baseline -0.003 -18"><span class='ocrx_word' id='word_1_7' title='bbox 219 483 299 529; x_wconf 89' lang='lat' dir='ltr'><strong>men</strong></span> <span class='ocrx_word' id='word_1_8' title='bbox 319 459 433 541; x_wconf 80' lang='lat' dir='ltr'><strong>nescio</strong></span> <span class='ocrx_word' id='word_1_9' title='bbox 456 481 500 527; x_wconf 88' lang='lat' dir='ltr'><strong>an</strong></span> <span class='ocrx_word' id='word_1_10' title='bbox 521 457 623 543; x_wconf 93' lang='lat' dir='ltr'><strong>illud,</strong></span> <span class='ocrx_word' id='word_1_11' title='bbox 650 480 693 525; x_wconf 94' lang='lat' dir='ltr'><strong>ne</strong></span> <span class='ocrx_word' id='word_1_12' title='bbox 718 456 830 523; x_wconf 89' lang='lat' dir='ltr'><strong>dicam</strong></span> <span class='ocrx_word' id='word_1_13' title='bbox 849 478 970 546; x_wconf 91' lang='lat' dir='ltr'><strong>parum</strong></span> <span class='ocrx_word' id='word_1_14' title='bbox 987 465 1086 546; x_wconf 87' lang='lat' dir='ltr'><strong>apte,</strong></span> <span class='ocrx_word' id='word_1_15' title='bbox 1112 465 1204 523; x_wconf 88' lang='lat' dir='ltr'><strong>certe</strong></span> <span class='ocrx_word' id='word_1_16' title='bbox 1227 455 1353 525; x_wconf 29' lang='lat' dir='ltr'><strong>valde,</strong></span> 
     </span>
     <span class='ocr_line' id='line_1_4' title="bbox 170 558 1330 654; baseline -0.008 -18"><span class='ocrx_word' id='word_1_17' title='bbox 170 561 389 636; x_wconf 84' lang='lat' dir='ltr'><strong>llaudacter</strong></span> <span class='ocrx_word' id='word_1_18' title='bbox 411 561 487 628; x_wconf 87' lang='lat' dir='ltr'><strong>lieri</strong></span> <span class='ocrx_word' id='word_1_19' title='bbox 507 560 699 654; x_wconf 87' lang='lat' dir='ltr'><strong>putandum</strong></span> <span class='ocrx_word' id='word_1_20' title='bbox 717 560 769 644; x_wconf 89' lang='lat' dir='ltr'><strong>sit,</strong></span> <span class='ocrx_word' id='word_1_21' title='bbox 794 559 823 626; x_wconf 88' lang='lat' dir='ltr'><strong>si</strong></span> <span class='ocrx_word' id='word_1_22' title='bbox 844 569 1071 650; x_wconf 87' lang='lat' dir='ltr'><strong>spectatores,</strong></span> <span class='ocrx_word' id='word_1_23' title='bbox 1097 581 1200 647; x_wconf 92' lang='lat' dir='ltr'><strong>quem</strong></span> <span class='ocrx_word' id='word_1_24' title='bbox 1221 558 1330 627; x_wconf 89' lang='lat' dir='ltr'><strong>modo</strong></span> 
     </span>
     <span class='ocr_line' id='line_1_5' title="bbox 220 662 1328 754; baseline -0.004 -20"><span class='ocrx_word' id='word_1_25' title='bbox 220 666 265 734; x_wconf 87' lang='lat' dir='ltr'><strong>ad</strong></span> <span class='ocrx_word' id='word_1_26' title='bbox 289 667 488 733; x_wconf 89' lang='lat' dir='ltr'><strong>immensum</strong></span> <span class='ocrx_word' id='word_1_27' title='bbox 516 664 592 732; x_wconf 85' lang='lat' dir='ltr'><strong>aevi</strong></span> <span class='ocrx_word' id='word_1_28' title='bbox 614 665 761 754; x_wconf 81' lang='lat' dir='ltr'><strong>spatium</strong></span> <span class='ocrx_word' id='word_1_29' title='bbox 790 663 929 753; x_wconf 83' lang='lat' dir='ltr'><strong>rupibus</strong></span> <span class='ocrx_word' id='word_1_30' title='bbox 956 662 1052 753; x_wconf 85' lang='lat' dir='ltr'><strong>affigi</strong></span> <span class='ocrx_word' id='word_1_31' title='bbox 1082 671 1328 753; x_wconf 84' lang='lat' dir='ltr'><strong>cognoverunt,</strong></span> 
     </span>
     <span class='ocr_line' id='line_1_6' title="bbox 219 763 1327 859; baseline -0.004 -23"><span class='ocrx_word' id='word_1_32' title='bbox 219 791 298 838; x_wconf 88' lang='lat' dir='ltr'><strong>eum</strong></span> <span class='ocrx_word' id='word_1_33' title='bbox 314 767 430 859; x_wconf 89' lang='lat' dir='ltr'><strong>paullo</strong></span> <span class='ocrx_word' id='word_1_34' title='bbox 456 777 534 858; x_wconf 89' lang='lat' dir='ltr'><strong>post</strong></span> <span class='ocrx_word' id='word_1_35' title='bbox 550 767 685 834; x_wconf 85' lang='lat' dir='ltr'><strong>liberari</strong></span> <span class='ocrx_word' id='word_1_36' title='bbox 703 767 808 856; x_wconf 84' lang='lat' dir='ltr'><strong>longo</strong></span> <span class='ocrx_word' id='word_1_37' title='bbox 824 766 883 832; x_wconf 91' lang='lat' dir='ltr'><strong>illo</strong></span> <span class='ocrx_word' id='word_1_38' title='bbox 899 767 1046 833; x_wconf 90' lang='lat' dir='ltr'><strong>cruciatu</strong></span> <span class='ocrx_word' id='word_1_39' title='bbox 1059 764 1204 848; x_wconf 81' lang='lat' dir='ltr'><strong>videant</strong></span> <span class='ocrx_word' id='word_1_40' title='bbox 1230 763 1327 832; x_wconf 91' lang='lat' dir='ltr'><strong>Mul·</strong></span> 
     </span>
     <span class='ocr_line' id='line_1_7' title="bbox 218 869 1329 960; baseline -0.005 -20"><span class='ocrx_word' id='word_1_41' title='bbox 218 885 290 954; x_wconf 73' lang='lat' dir='ltr'><strong>tum</strong></span> <span class='ocrx_word' id='word_1_42' title='bbox 309 873 397 939; x_wconf 84' lang='lat' dir='ltr'><strong>enim</strong></span> <span class='ocrx_word' id='word_1_43' title='bbox 417 871 573 954; x_wconf 88' lang='lat' dir='ltr'><strong>interest,</strong></span> <span class='ocrx_word' id='word_1_44' title='bbox 599 879 711 936; x_wconf 89' lang='lat' dir='ltr'><strong>utrum</strong></span> <span class='ocrx_word' id='word_1_45' title='bbox 724 890 812 958; x_wconf 87' lang='lat' dir='ltr'><strong>quae</strong></span> <span class='ocrx_word' id='word_1_46' title='bbox 826 869 954 936; x_wconf 90' lang='lat' dir='ltr'><strong>incerto</strong></span> <span class='ocrx_word' id='word_1_47' title='bbox 971 869 1156 960; x_wconf 88' lang='lat' dir='ltr'><strong>ignotoque</strong></span> <span class='ocrx_word' id='word_1_48' title='bbox 1170 877 1329 959; x_wconf 85' lang='lat' dir='ltr'><strong>tempore</strong></span> 
     </span>
     <span class='ocr_line' id='line_1_8' title="bbox 220 970 1329 1062; baseline -0.003 -20"><span class='ocrx_word' id='word_1_49' title='bbox 220 975 383 1044; x_wconf 84' lang='lat' dir='ltr'><strong>disiuncta</strong></span> <span class='ocrx_word' id='word_1_50' title='bbox 403 973 557 1056; x_wconf 86' lang='lat' dir='ltr'><strong>luerunt,</strong></span> <span class='ocrx_word' id='word_1_51' title='bbox 583 996 626 1040; x_wconf 88' lang='lat' dir='ltr'><strong>an</strong></span> <span class='ocrx_word' id='word_1_52' title='bbox 640 995 728 1062; x_wconf 90' lang='lat' dir='ltr'><strong>quae</strong></span> <span class='ocrx_word' id='word_1_53' title='bbox 751 971 861 1039; x_wconf 88' lang='lat' dir='ltr'><strong>multis</strong></span> <span class='ocrx_word' id='word_1_54' title='bbox 879 973 997 1039; x_wconf 84' lang='lat' dir='ltr'><strong>seculis</strong></span> <span class='ocrx_word' id='word_1_55' title='bbox 1013 970 1240 1039; x_wconf 81' lang='lat' dir='ltr'><strong>disterminata</strong></span> <span class='ocrx_word' id='word_1_56' title='bbox 1252 993 1329 1039; x_wconf 87' lang='lat' dir='ltr'><strong>esse</strong></span> 
     </span>
     <span class='ocr_line' id='line_1_9' title="bbox 219 1074 1330 1163; baseline -0.002 -19"><span class='ocrx_word' id='word_1_57' title='bbox 219 1088 253 1145; x_wconf 90' lang='lat' dir='ltr'><strong>et</strong></span> <span class='ocrx_word' id='word_1_58' title='bbox 279 1078 422 1144; x_wconf 87' lang='lat' dir='ltr'><strong>sciamus</strong></span> <span class='ocrx_word' id='word_1_59' title='bbox 444 1086 478 1144; x_wconf 87' lang='lat' dir='ltr'><strong>et</strong></span> <span class='ocrx_word' id='word_1_60' title='bbox 504 1077 626 1143; x_wconf 90' lang='lat' dir='ltr'><strong>iterum</strong></span> <span class='ocrx_word' id='word_1_61' title='bbox 654 1076 843 1163; x_wconf 85' lang='lat' dir='ltr'><strong>iterumque</strong></span> <span class='ocrx_word' id='word_1_62' title='bbox 868 1074 1107 1160; x_wconf 81' lang='lat' dir='ltr'><strong>audiverimus,</strong></span> <span class='ocrx_word' id='word_1_63' title='bbox 1149 1075 1330 1142; x_wconf 76' lang='lat' dir='ltr'><strong>mniuncta</strong></span> 
     </span>
     <span class='ocr_line' id='line_1_10' title="bbox 210 1175 1329 1270; baseline -0.004 -22"><span class='ocrx_word' id='word_1_64' title='bbox 210 1175 253 1248; x_wconf 66' lang='lat' dir='ltr'><strong>&#39;in</strong></span> <span class='ocrx_word' id='word_1_65' title='bbox 272 1202 409 1248; x_wconf 84' lang='lat' dir='ltr'><strong>scenam</strong></span> <span class='ocrx_word' id='word_1_66' title='bbox 430 1180 655 1270; x_wconf 82' lang='lat' dir='ltr'><strong>proferantur.</strong></span> <span class='ocrx_word' id='word_1_67' title='bbox 707 1178 754 1244; x_wconf 88' lang='lat' dir='ltr'><strong>Et</strong></span> <span class='ocrx_word' id='word_1_68' title='bbox 771 1178 806 1244; x_wconf 92' lang='lat' dir='ltr'><strong>in</strong></span> <span class='ocrx_word' id='word_1_69' title='bbox 829 1178 951 1246; x_wconf 87' lang='lat' dir='ltr'><strong>Vincto</strong></span> <span class='ocrx_word' id='word_1_70' title='bbox 968 1177 1105 1267; x_wconf 91' lang='lat' dir='ltr'><strong>quidem</strong></span> <span class='ocrx_word' id='word_1_71' title='bbox 1119 1176 1329 1245; x_wconf 88' lang='lat' dir='ltr'><strong>Prometheo</strong></span> 
     </span>
     <span class='ocr_line' id='line_1_11' title="bbox 219 1280 1327 1375; baseline -0.005 -24"><span class='ocrx_word' id='word_1_72' title='bbox 219 1283 364 1375; x_wconf 91' lang='lat' dir='ltr'><strong>spatium</strong></span> <span class='ocrx_word' id='word_1_73' title='bbox 382 1282 485 1366; x_wconf 90' lang='lat' dir='ltr'><strong>illud,</strong></span> <span class='ocrx_word' id='word_1_74' title='bbox 510 1305 623 1372; x_wconf 89' lang='lat' dir='ltr'><strong>neque</strong></span> <span class='ocrx_word' id='word_1_75' title='bbox 645 1280 681 1348; x_wconf 93' lang='lat' dir='ltr'><strong>id</strong></span> <span class='ocrx_word' id='word_1_76' title='bbox 700 1303 768 1348; x_wconf 92' lang='lat' dir='ltr'><strong>uno</strong></span> <span class='ocrx_word' id='word_1_77' title='bbox 790 1281 891 1366; x_wconf 85' lang='lat' dir='ltr'><strong>loco,</strong></span> <span class='ocrx_word' id='word_1_78' title='bbox 918 1281 1131 1371; x_wconf 89' lang='lat' dir='ltr'><strong>designatum</strong></span> <span class='ocrx_word' id='word_1_79' title='bbox 1152 1292 1204 1346; x_wconf 88' lang='lat' dir='ltr'><strong>est</strong></span> <span class='ocrx_word' id='word_1_80' title='bbox 1223 1281 1327 1353; x_wconf 85' lang='lat' dir='ltr'><strong>lucu-</strong></span> 
     </span>
     <span class='ocr_line' id='line_1_12' title="bbox 219 1382 1328 1476; baseline -0.005 -21"><span class='ocrx_word' id='word_1_81' title='bbox 219 1384 409 1457; x_wconf 81' lang='lat' dir='ltr'><strong>lentissime.</strong></span> <span class='ocrx_word' id='word_1_82' title='bbox 461 1385 676 1476; x_wconf 72' lang='lat' dir='ltr'><strong>intelligebat</strong></span> <span class='ocrx_word' id='word_1_83' title='bbox 706 1385 795 1451; x_wconf 88' lang='lat' dir='ltr'><strong>enirn</strong></span> <span class='ocrx_word' id='word_1_84' title='bbox 821 1394 941 1474; x_wconf 92' lang='lat' dir='ltr'><strong>poeta,</strong></span> <span class='ocrx_word' id='word_1_85' title='bbox 976 1384 1139 1474; x_wconf 90' lang='lat' dir='ltr'><strong>temporis</strong></span> <span class='ocrx_word' id='word_1_86' title='bbox 1162 1382 1328 1450; x_wconf 90' lang='lat' dir='ltr'><strong>diuturni-</strong></span> 
     </span>
     <span class='ocr_line' id='line_1_13' title="bbox 218 1485 1328 1579; baseline -0.005 -22"><span class='ocrx_word' id='word_1_87' title='bbox 218 1499 334 1572; x_wconf 80' lang='lat' dir='ltr'><strong>tatem,</strong></span> <span class='ocrx_word' id='word_1_88' title='bbox 360 1490 473 1576; x_wconf 90' lang='lat' dir='ltr'><strong>inqua</strong></span> <span class='ocrx_word' id='word_1_89' title='bbox 486 1489 672 1579; x_wconf 83' lang='lat' dir='ltr'><strong>praecipue</strong></span> <span class='ocrx_word' id='word_1_90' title='bbox 683 1496 875 1554; x_wconf 87' lang='lat' dir='ltr'><strong>cerneretur</strong></span> <span class='ocrx_word' id='word_1_91' title='bbox 889 1485 1083 1554; x_wconf 86' lang='lat' dir='ltr'><strong>Promethei</strong></span> <span class='ocrx_word' id='word_1_92' title='bbox 1095 1508 1231 1576; x_wconf 86' lang='lat' dir='ltr'><strong>poenae</strong></span> <span class='ocrx_word' id='word_1_93' title='bbox 1247 1508 1328 1552; x_wconf 93' lang='lat' dir='ltr'><strong>cru-</strong></span> 
     </span>
     <span class='ocr_line' id='line_1_14' title="bbox 170 1589 1328 1676; baseline -0.004 -15"><span class='ocrx_word' id='word_1_94' title='bbox 170 1662 172 1669; x_wconf 71' lang='lat'><strong>,</strong></span> <span class='ocrx_word' id='word_1_95' title='bbox 220 1592 359 1675; x_wconf 82' lang='lat' dir='ltr'><strong>delitus,</strong></span> <span class='ocrx_word' id='word_1_96' title='bbox 385 1591 510 1657; x_wconf 92' lang='lat' dir='ltr'><strong>nullam</strong></span> <span class='ocrx_word' id='word_1_97' title='bbox 526 1591 594 1657; x_wconf 86' lang='lat' dir='ltr'><strong>vim</strong></span> <span class='ocrx_word' id='word_1_98' title='bbox 615 1589 659 1656; x_wconf 91' lang='lat' dir='ltr'><strong>ad</strong></span> <span class='ocrx_word' id='word_1_99' title='bbox 676 1591 803 1656; x_wconf 90' lang='lat' dir='ltr'><strong>animos</strong></span> <span class='ocrx_word' id='word_1_100' title='bbox 820 1589 1239 1676; x_wconf 70' lang='lat' dir='ltr'><strong>movendos‘habituram,</strong></span> <span class='ocrx_word' id='word_1_101' title='bbox 1265 1589 1328 1656; x_wconf 89' lang='lat' dir='ltr'><strong>nisi</strong></span> 
     </span>
     <span class='ocr_line' id='line_1_15' title="bbox 221 1692 1329 1785; baseline -0.004 -23"><span class='ocrx_word' id='word_1_102' title='bbox 221 1703 346 1785; x_wconf 83' lang='lat' dir='ltr'><strong>quanta</strong></span> <span class='ocrx_word' id='word_1_103' title='bbox 366 1704 455 1761; x_wconf 88' lang='lat' dir='ltr'><strong>esset</strong></span> <span class='ocrx_word' id='word_1_104' title='bbox 477 1695 562 1761; x_wconf 87' lang='lat' dir='ltr'><strong>notis</strong></span> <span class='ocrx_word' id='word_1_105' title='bbox 584 1692 786 1783; x_wconf 91' lang='lat' dir='ltr'><strong>quibusdam</strong></span> <span class='ocrx_word' id='word_1_106' title='bbox 808 1704 842 1760; x_wconf 93' lang='lat' dir='ltr'><strong>et</strong></span> <span class='ocrx_word' id='word_1_107' title='bbox 864 1694 959 1782; x_wconf 91' lang='lat' dir='ltr'><strong>quasi</strong></span> <span class='ocrx_word' id='word_1_108' title='bbox 975 1695 1158 1760; x_wconf 90' lang='lat' dir='ltr'><strong>insensum</strong></span> <span class='ocrx_word' id='word_1_109' title='bbox 1176 1692 1329 1760; x_wconf 89' lang='lat' dir='ltr'><strong>cadenti·</strong></span> 
     </span>
     <span class='ocr_line' id='line_1_16' title="bbox 220 1795 1329 1888; baseline -0.004 -22"><span class='ocrx_word' id='word_1_110' title='bbox 220 1800 283 1866; x_wconf 90' lang='lat' dir='ltr'><strong>bus</strong></span> <span class='ocrx_word' id='word_1_111' title='bbox 306 1798 420 1888; x_wconf 87' lang='lat' dir='ltr'><strong>spatiis</strong></span> <span class='ocrx_word' id='word_1_112' title='bbox 447 1797 661 1864; x_wconf 73' lang='lat' dir='ltr'><strong>definiretur·</strong></span> <span class='ocrx_word' id='word_1_113' title='bbox 703 1796 823 1884; x_wconf 85' lang='lat' dir='ltr'><strong>ltaque</strong></span> <span class='ocrx_word' id='word_1_114' title='bbox 843 1819 947 1884; x_wconf 94' lang='lat' dir='ltr'><strong>quum</strong></span> <span class='ocrx_word' id='word_1_115' title='bbox 967 1795 1191 1867; x_wconf 87' lang='lat' dir='ltr'><strong>Prometheus</strong></span> <span class='ocrx_word' id='word_1_116' title='bbox 1214 1795 1329 1887; x_wconf 92' lang='lat' dir='ltr'><strong>primo</strong></span> 
     </span>
     <span class='ocr_line' id='line_1_17' title="bbox 220 1899 1330 1991; baseline -0.004 -20"><span class='ocrx_word' id='word_1_117' title='bbox 220 1903 435 1972; x_wconf 83' lang='lat' dir='ltr'><strong>liberatorem</strong></span> <span class='ocrx_word' id='word_1_118' title='bbox 456 1924 552 1967; x_wconf 88' lang='lat' dir='ltr'><strong>suum</strong></span> <span class='ocrx_word' id='word_1_119' title='bbox 568 1900 665 1968; x_wconf 88' lang='lat' dir='ltr'><strong>tertia</strong></span> <span class='ocrx_word' id='word_1_120' title='bbox 681 1899 814 1966; x_wconf 92' lang='lat' dir='ltr'><strong>decima</strong></span> <span class='ocrx_word' id='word_1_121' title='bbox 829 1900 1046 1991; x_wconf 84' lang='lat' dir='ltr'><strong>generatione</strong></span> <span class='ocrx_word' id='word_1_122' title='bbox 1066 1922 1108 1966; x_wconf 83' lang='lat' dir='ltr'><strong>ex</strong></span> <span class='ocrx_word' id='word_1_123' title='bbox 1120 1899 1211 1966; x_wconf 83' lang='lat' dir='ltr'><strong>lonis</strong></span> <span class='ocrx_word' id='word_1_124' title='bbox 1228 1899 1330 1989; x_wconf 89' lang='lat' dir='ltr'><strong>prole</strong></span> 
     </span>
     <span class='ocr_line' id='line_1_18' title="bbox 222 2001 1360 2094; baseline -0.004 -22"><span class='ocrx_word' id='word_1_125' title='bbox 222 2005 416 2072; x_wconf 84' lang='lat' dir='ltr'><strong>exstiturum</strong></span> <span class='ocrx_word' id='word_1_126' title='bbox 436 2003 589 2087; x_wconf 63' lang='lat' dir='ltr'><strong>dixisset,</strong></span> <span class='ocrx_word' id='word_1_127' title='bbox 614 2012 694 2093; x_wconf 93' lang='lat' dir='ltr'><strong>post</strong></span> <span class='ocrx_word' id='word_1_128' title='bbox 714 2004 780 2069; x_wconf 94' lang='lat' dir='ltr'><strong>alio</strong></span> <span class='ocrx_word' id='word_1_129' title='bbox 804 2004 883 2069; x_wconf 88' lang='lat' dir='ltr'><strong>loco</strong></span> <span class='ocrx_word' id='word_1_130' title='bbox 899 2002 1083 2070; x_wconf 86' lang='lat' dir='ltr'><strong>distinctius</strong></span> <span class='ocrx_word' id='word_1_131' title='bbox 1104 2002 1148 2069; x_wconf 92' lang='lat' dir='ltr'><strong>ab</strong></span> <span class='ocrx_word' id='word_1_132' title='bbox 1164 2001 1329 2094; x_wconf 90' lang='lat' dir='ltr'><strong>Epapho,</strong></span> <span class='ocrx_word' id='word_1_133' title='bbox 1356 2061 1360 2067; x_wconf 92' lang='lat'>.</span> 
     </span>
     <span class='ocr_line' id='line_1_19' title="bbox 222 2105 1330 2198; baseline -0.001 -25"><span class='ocrx_word' id='word_1_134' title='bbox 222 2130 323 2196; x_wconf 92' lang='lat' dir='ltr'><strong>quem</strong></span> <span class='ocrx_word' id='word_1_135' title='bbox 340 2106 489 2196; x_wconf 93' lang='lat' dir='ltr'><strong>paritura</strong></span> <span class='ocrx_word' id='word_1_136' title='bbox 508 2107 549 2174; x_wconf 89' lang='lat' dir='ltr'><strong>sit</strong></span> <span class='ocrx_word' id='word_1_137' title='bbox 563 2106 620 2192; x_wconf 93' lang='lat' dir='ltr'><strong>lo,</strong></span> <span class='ocrx_word' id='word_1_138' title='bbox 641 2107 792 2196; x_wconf 87' lang='lat' dir='ltr'><strong>quintam</strong></span> <span class='ocrx_word' id='word_1_139' title='bbox 805 2106 1059 2197; x_wconf 82' lang='lat' dir='ltr'><strong>generationem</strong></span> <span class='ocrx_word' id='word_1_140' title='bbox 1081 2105 1195 2198; x_wconf 87' lang='lat' dir='ltr'><strong>Argos</strong></span> <span class='ocrx_word' id='word_1_141' title='bbox 1209 2128 1330 2173; x_wconf 87' lang='lat' dir='ltr'><strong>rever-</strong></span> 
     </span>
     <span class='ocr_line' id='line_1_20' title="bbox 221 2208 1331 2300; baseline -0.001 -23"><span class='ocrx_word' id='word_1_142' title='bbox 221 2232 333 2278; x_wconf 87' lang='lat' dir='ltr'><strong>suram</strong></span> <span class='ocrx_word' id='word_1_143' title='bbox 351 2210 565 2292; x_wconf 79' lang='lat' dir='ltr'><strong>vaticinatur,</strong></span> <span class='ocrx_word' id='word_1_144' title='bbox 591 2231 634 2275; x_wconf 87' lang='lat' dir='ltr'><strong>ex</strong></span> <span class='ocrx_word' id='word_1_145' title='bbox 652 2232 760 2298; x_wconf 91' lang='lat' dir='ltr'><strong>eaque</strong></span> <span class='ocrx_word' id='word_1_146' title='bbox 775 2209 980 2276; x_wconf 90' lang='lat' dir='ltr'><strong>naseiturum</strong></span> <span class='ocrx_word' id='word_1_147' title='bbox 999 2209 1132 2300; x_wconf 88' lang='lat' dir='ltr'><strong>regium</strong></span> <span class='ocrx_word' id='word_1_148' title='bbox 1149 2208 1245 2299; x_wconf 91' lang='lat' dir='ltr'><strong>apud</strong></span> <span class='ocrx_word' id='word_1_149' title='bbox 1260 2209 1331 2276; x_wconf 83' lang='lat' dir='ltr'><strong>Ar·</strong></span> 
     </span>
     <span class='ocr_line' id='line_1_21' title="bbox 220 2310 1330 2404; baseline -0.001 -25"><span class='ocrx_word' id='word_1_150' title='bbox 220 2314 317 2404; x_wconf 83' lang='lat' dir='ltr'><strong>givos</strong></span> <span class='ocrx_word' id='word_1_151' title='bbox 341 2335 466 2403; x_wconf 87' lang='lat' dir='ltr'><strong>genus,</strong></span> <span class='ocrx_word' id='word_1_152' title='bbox 494 2336 563 2402; x_wconf 93' lang='lat' dir='ltr'><strong>quo</strong></span> <span class='ocrx_word' id='word_1_153' title='bbox 583 2311 627 2379; x_wconf 90' lang='lat' dir='ltr'><strong>de</strong></span> <span class='ocrx_word' id='word_1_154' title='bbox 650 2313 776 2380; x_wconf 90' lang='lat' dir='ltr'><strong>semine</strong></span> <span class='ocrx_word' id='word_1_155' title='bbox 800 2313 961 2380; x_wconf 89' lang='lat' dir='ltr'><strong>oriturum</strong></span> <span class='ocrx_word' id='word_1_156' title='bbox 978 2311 1074 2378; x_wconf 90' lang='lat' dir='ltr'><strong>illum</strong></span> <span class='ocrx_word' id='word_1_157' title='bbox 1091 2311 1256 2379; x_wconf 84' lang='lat' dir='ltr'><strong>audacem</strong></span> <span class='ocrx_word' id='word_1_158' title='bbox 1276 2310 1330 2378; x_wconf 91' lang='lat' dir='ltr'><strong>ia-</strong></span> 
     </span>
     <span class='ocr_line' id='line_1_22' title="bbox 222 2413 1330 2502; baseline 0.001 -20"><span class='ocrx_word' id='word_1_159' title='bbox 222 2417 424 2499; x_wconf 91' lang='lat' dir='ltr'><strong>culatorem,</strong></span> <span class='ocrx_word' id='word_1_160' title='bbox 449 2438 470 2480; x_wconf 92' lang='lat' dir='ltr'><strong>a</strong></span> <span class='ocrx_word' id='word_1_161' title='bbox 488 2438 556 2502; x_wconf 93' lang='lat' dir='ltr'><strong>quo</strong></span> <span class='ocrx_word' id='word_1_162' title='bbox 574 2413 667 2482; x_wconf 90' lang='lat' dir='ltr'><strong>hisce</strong></span> <span class='ocrx_word' id='word_1_163' title='bbox 690 2438 732 2483; x_wconf 82' lang='lat' dir='ltr'><strong>ex</strong></span> <span class='ocrx_word' id='word_1_164' title='bbox 752 2415 892 2482; x_wconf 87' lang='lat' dir='ltr'><strong>vinculis</strong></span> <span class='ocrx_word' id='word_1_165' title='bbox 912 2437 948 2482; x_wconf 87' lang='lat' dir='ltr'><strong>se</strong></span> <span class='ocrx_word' id='word_1_166' title='bbox 969 2415 1116 2482; x_wconf 89' lang='lat' dir='ltr'><strong>solutum</strong></span> <span class='ocrx_word' id='word_1_167' title='bbox 1137 2416 1177 2482; x_wconf 89' lang='lat' dir='ltr'><strong>iri</strong></span> <span class='ocrx_word' id='word_1_168' title='bbox 1194 2415 1229 2482; x_wconf 89' lang='lat' dir='ltr'><strong>in</strong></span> <span class='ocrx_word' id='word_1_169' title='bbox 1250 2414 1330 2483; x_wconf 84' lang='lat' dir='ltr'><strong>fatis</strong></span> 
     </span>
     <span class='ocr_line' id='line_1_23' title="bbox 223 2517 1330 2610; baseline -0.001 -24"><span class='ocrx_word' id='word_1_170' title='bbox 223 2519 273 2586; x_wconf 91' lang='lat' dir='ltr'><strong>sit.</strong></span> <span class='ocrx_word' id='word_1_171' title='bbox 327 2517 381 2582; x_wconf 87' lang='lat' dir='ltr'><strong>lta·</strong></span> <span class='ocrx_word' id='word_1_172' title='bbox 391 2519 533 2584; x_wconf 90' lang='lat' dir='ltr'><strong>termino</strong></span> <span class='ocrx_word' id='word_1_173' title='bbox 553 2539 688 2607; x_wconf 86' lang='lat' dir='ltr'><strong>poenae</strong></span> <span class='ocrx_word' id='word_1_174' title='bbox 704 2527 784 2607; x_wconf 92' lang='lat' dir='ltr'><strong>post</strong></span> <span class='ocrx_word' id='word_1_175' title='bbox 805 2518 926 2585; x_wconf 86' lang='lat' dir='ltr'><strong>multas</strong></span> <span class='ocrx_word' id='word_1_176' title='bbox 941 2517 1117 2609; x_wconf 91' lang='lat' dir='ltr'><strong>hominum</strong></span> <span class='ocrx_word' id='word_1_177' title='bbox 1132 2518 1330 2610; x_wconf 85' lang='lat' dir='ltr'><strong>generatio-</strong></span> 
     </span>
     <span class='ocr_line' id='line_1_24' title="bbox 222 2618 1335 2713; baseline 0.001 -25"><span class='ocrx_word' id='word_1_178' title='bbox 222 2642 281 2688; x_wconf 84' lang='lat' dir='ltr'><strong>nes</strong></span> <span class='ocrx_word' id='word_1_179' title='bbox 294 2618 395 2686; x_wconf 87' lang='lat' dir='ltr'><strong>veluti</strong></span> <span class='ocrx_word' id='word_1_180' title='bbox 412 2642 475 2709; x_wconf 87' lang='lat' dir='ltr'><strong>per</strong></span> <span class='ocrx_word' id='word_1_181' title='bbox 496 2620 655 2686; x_wconf 87' lang='lat' dir='ltr'><strong>nebulam</strong></span> <span class='ocrx_word' id='word_1_182' title='bbox 670 2630 805 2688; x_wconf 91' lang='lat' dir='ltr'><strong>ostenso</strong></span> <span class='ocrx_word' id='word_1_183' title='bbox 826 2629 896 2687; x_wconf 94' lang='lat' dir='ltr'><strong>tam</strong></span> <span class='ocrx_word' id='word_1_184' title='bbox 912 2621 979 2688; x_wconf 88' lang='lat' dir='ltr'><strong>alte</strong></span> <span class='ocrx_word' id='word_1_185' title='bbox 997 2621 1195 2713; x_wconf 88' lang='lat' dir='ltr'><strong>imprimitur</strong></span> <span class='ocrx_word' id='word_1_186' title='bbox 1211 2621 1335 2689; x_wconf 83' lang='lat' dir='ltr'><strong>animis</strong></span> 
     </span>
     <span class='ocr_line' id='line_1_25' title="bbox 223 2722 1331 2816; baseline 0.005 -28"><span class='ocrx_word' id='word_1_187' title='bbox 223 2722 430 2789; x_wconf 88' lang='lat' dir='ltr'><strong>cruciatuum</strong></span> <span class='ocrx_word' id='word_1_188' title='bbox 453 2723 586 2790; x_wconf 89' lang='lat' dir='ltr'><strong>illorum</strong></span> <span class='ocrx_word' id='word_1_189' title='bbox 606 2724 800 2815; x_wconf 87' lang='lat' dir='ltr'><strong>longissima</strong></span> <span class='ocrx_word' id='word_1_190' title='bbox 824 2723 1040 2810; x_wconf 88' lang='lat' dir='ltr'><strong>diuturnitas,</strong></span> <span class='ocrx_word' id='word_1_191' title='bbox 1066 2731 1103 2790; x_wconf 84' lang='lat' dir='ltr'><strong>ut</strong></span> <span class='ocrx_word' id='word_1_192' title='bbox 1118 2747 1208 2814; x_wconf 89' lang='lat' dir='ltr'><strong>pene</strong></span> <span class='ocrx_word' id='word_1_193' title='bbox 1223 2747 1331 2816; x_wconf 88' lang='lat' dir='ltr'><strong>aegre</strong></span> 
     </span>
     <span class='ocr_line' id='line_1_26' title="bbox 222 2824 1330 2916; baseline 0.004 -24"><span class='ocrx_word' id='word_1_194' title='bbox 222 2826 322 2893; x_wconf 88' lang='lat' dir='ltr'><strong>laturi</strong></span> <span class='ocrx_word' id='word_1_195' title='bbox 342 2824 540 2913; x_wconf 81' lang='lat' dir='ltr'><strong>videamur,</strong></span> <span class='ocrx_word' id='word_1_196' title='bbox 566 2827 594 2894; x_wconf 91' lang='lat' dir='ltr'><strong>si</strong></span> <span class='ocrx_word' id='word_1_197' title='bbox 619 2828 729 2895; x_wconf 89' lang='lat' dir='ltr'><strong>subito</strong></span> <span class='ocrx_word' id='word_1_198' title='bbox 752 2835 803 2893; x_wconf 93' lang='lat' dir='ltr'><strong>tot</strong></span> <span class='ocrx_word' id='word_1_199' title='bbox 822 2827 941 2895; x_wconf 86' lang='lat' dir='ltr'><strong>seculis</strong></span> <span class='ocrx_word' id='word_1_200' title='bbox 964 2849 1059 2916; x_wconf 87' lang='lat' dir='ltr'><strong>quasr</strong></span> <span class='ocrx_word' id='word_1_201' title='bbox 1048 2827 1162 2894; x_wconf 89' lang='lat' dir='ltr'><strong>saltu</strong></span> <span class='ocrx_word' id='word_1_202' title='bbox 1178 2827 1330 2916; x_wconf 89' lang='lat' dir='ltr'><strong>quodam</strong></span> 
     </span>
     <span class='ocr_line' id='line_1_27' title="bbox 224 2928 1255 3021; baseline 0 -23"><span class='ocrx_word' id='word_1_203' title='bbox 224 2928 388 3021; x_wconf 89' lang='lat' dir='ltr'><strong>superatis</strong></span> <span class='ocrx_word' id='word_1_204' title='bbox 405 2928 473 2996; x_wconf 89' lang='lat' dir='ltr'><strong>ad</strong></span> <span class='ocrx_word' id='word_1_205' title='bbox 464 2952 577 3021; x_wconf 77' lang='lat' dir='ltr'><strong>ipsum</strong></span> <span class='ocrx_word' id='word_1_206' title='bbox 592 2930 726 2998; x_wconf 91' lang='lat' dir='ltr'><strong>illorum</strong></span> <span class='ocrx_word' id='word_1_207' title='bbox 737 2930 904 2996; x_wconf 90' lang='lat' dir='ltr'><strong>malorum</strong></span> <span class='ocrx_word' id='word_1_208' title='bbox 916 2930 1020 2996; x_wconf 88' lang='lat' dir='ltr'><strong>finem</strong></span> <span class='ocrx_word' id='word_1_209' title='bbox 1034 2929 1255 2998; x_wconf 87' lang='lat' dir='ltr'><strong>adducamur</strong></span> 
     </span>
     <span class='ocr_line' id='line_1_28' title="bbox 325 3014 1331 3121; baseline 0.004 -23"><span class='ocrx_word' id='word_1_210' title='bbox 325 3029 389 3098; x_wconf 88' lang='lat' dir='ltr'><strong>Est</strong></span> <span class='ocrx_word' id='word_1_211' title='bbox 408 3030 553 3121; x_wconf 91' lang='lat' dir='ltr'><strong>denique</strong></span> <span class='ocrx_word' id='word_1_212' title='bbox 579 3034 678 3098; x_wconf 90' lang='lat' dir='ltr'><strong>etiam</strong></span> <span class='ocrx_word' id='word_1_213' title='bbox 703 3032 845 3100; x_wconf 90' lang='lat' dir='ltr'><strong>deloco</strong></span> <span class='ocrx_word' id='word_1_214' title='bbox 869 3014 1037 3121; x_wconf 84' lang='lat' dir='ltr'><strong>quaedam</strong></span> <span class='ocrx_word' id='word_1_215' title='bbox 1061 3032 1237 3101; x_wconf 83' lang='lat' dir='ltr'><strong>dubitatio.</strong></span> <span class='ocrx_word' id='word_1_216' title='bbox 1288 3032 1331 3102; x_wconf 90' lang='lat' dir='ltr'><strong>In</strong></span> 
     </span>
     <span class='ocr_line' id='line_1_29' title="bbox 224 3132 1330 3228; baseline 0.003 -27"><span class='ocrx_word' id='word_1_217' title='bbox 224 3132 372 3201; x_wconf 88' lang='lat' dir='ltr'><strong>secunda</strong></span> <span class='ocrx_word' id='word_1_218' title='bbox 388 3134 476 3200; x_wconf 88' lang='lat' dir='ltr'><strong>enim</strong></span> <span class='ocrx_word' id='word_1_219' title='bbox 497 3135 614 3201; x_wconf 89' lang='lat' dir='ltr'><strong>fabula</strong></span> <span class='ocrx_word' id='word_1_220' title='bbox 629 3133 675 3202; x_wconf 89' lang='lat' dir='ltr'><strong>ad</strong></span> <span class='ocrx_word' id='word_1_221' title='bbox 691 3134 879 3204; x_wconf 81' lang='lat' dir='ltr'><strong>Caucasum</strong></span> <span class='ocrx_word' id='word_1_222' title='bbox 897 3135 1072 3226; x_wconf 91' lang='lat' dir='ltr'><strong>alligatum</strong></span> <span class='ocrx_word' id='word_1_223' title='bbox 1088 3137 1175 3228; x_wconf 85' lang='lat' dir='ltr'><strong>fingi</strong></span> <span class='ocrx_word' id='word_1_224' title='bbox 1184 3137 1330 3204; x_wconf 90' lang='lat' dir='ltr'><strong>Prome-</strong></span> 
     </span>
     <span class='ocr_line' id='line_1_30' title="bbox 223 3235 1330 3332; baseline 0.003 -27"><span class='ocrx_word' id='word_1_225' title='bbox 223 3235 341 3305; x_wconf 89' lang='lat' dir='ltr'><strong>theum</strong></span> <span class='ocrx_word' id='word_1_226' title='bbox 360 3237 457 3304; x_wconf 89' lang='lat' dir='ltr'><strong>certis</strong></span> <span class='ocrx_word' id='word_1_227' title='bbox 484 3237 677 3306; x_wconf 87' lang='lat' dir='ltr'><strong>testimoniis</strong></span> <span class='ocrx_word' id='word_1_228' title='bbox 704 3247 853 3307; x_wconf 89' lang='lat' dir='ltr'><strong>constat:</strong></span> <span class='ocrx_word' id='word_1_229' title='bbox 879 3238 913 3305; x_wconf 92' lang='lat' dir='ltr'><strong>in</strong></span> <span class='ocrx_word' id='word_1_230' title='bbox 933 3239 1113 3332; x_wconf 87' lang='lat' dir='ltr'><strong>superstite</strong></span> <span class='ocrx_word' id='word_1_231' title='bbox 1132 3248 1244 3308; x_wconf 91' lang='lat' dir='ltr'><strong>autem</strong></span> <span class='ocrx_word' id='word_1_232' title='bbox 1259 3262 1330 3308; x_wconf 88' lang='lat' dir='ltr'><strong>uon</strong></span> 
     </span>
     <span class='ocr_line' id='line_1_31' title="bbox 224 3338 1330 3432; baseline 0.004 -25"><span class='ocrx_word' id='word_1_233' title='bbox 224 3338 334 3407; x_wconf 87' lang='lat' dir='ltr'><strong>solum</strong></span> <span class='ocrx_word' id='word_1_234' title='bbox 347 3361 509 3426; x_wconf 86' lang='lat' dir='ltr'><strong>nusquam</strong></span> <span class='ocrx_word' id='word_1_235' title='bbox 526 3340 651 3409; x_wconf 88' lang='lat' dir='ltr'><strong>iudicat</strong></span> <span class='ocrx_word' id='word_1_236' title='bbox 668 3349 772 3432; x_wconf 88' lang='lat' dir='ltr'><strong>poeta</strong></span> <span class='ocrx_word' id='word_1_237' title='bbox 785 3342 820 3408; x_wconf 92' lang='lat' dir='ltr'><strong>in</strong></span> <span class='ocrx_word' id='word_1_238' title='bbox 835 3341 989 3410; x_wconf 85' lang='lat' dir='ltr'><strong>Caucaso</strong></span> <span class='ocrx_word' id='word_1_239' title='bbox 1003 3343 1116 3409; x_wconf 91' lang='lat' dir='ltr'><strong>locum</strong></span> <span class='ocrx_word' id='word_1_240' title='bbox 1131 3343 1226 3410; x_wconf 93' lang='lat' dir='ltr'><strong>illum</strong></span> <span class='ocrx_word' id='word_1_241' title='bbox 1242 3366 1330 3428; x_wconf 88' lang='lat' dir='ltr'><strong>esse,</strong></span> 
     </span>
     <span class='ocr_line' id='line_1_32' title="bbox 224 3440 1332 3537; baseline 0.005 -27"><span class='ocrx_word' id='word_1_242' title='bbox 224 3440 286 3510; x_wconf 86' lang='lat' dir='ltr'><strong>sed</strong></span> <span class='ocrx_word' id='word_1_243' title='bbox 297 3440 422 3509; x_wconf 86' lang='lat' dir='ltr'><strong>diserte</strong></span> <span class='ocrx_word' id='word_1_244' title='bbox 435 3443 535 3509; x_wconf 88' lang='lat' dir='ltr'><strong>etiam</strong></span> <span class='ocrx_word' id='word_1_245' title='bbox 549 3445 671 3535; x_wconf 91' lang='lat' dir='ltr'><strong>procul</strong></span> <span class='ocrx_word' id='word_1_246' title='bbox 684 3468 756 3513; x_wconf 90' lang='lat' dir='ltr'><strong>esse</strong></span> <span class='ocrx_word' id='word_1_247' title='bbox 772 3443 926 3513; x_wconf 87' lang='lat' dir='ltr'><strong>Caucaso</strong></span> <span class='ocrx_word' id='word_1_248' title='bbox 939 3445 973 3512; x_wconf 92' lang='lat' dir='ltr'><strong>in</strong></span> <span class='ocrx_word' id='word_1_249' title='bbox 989 3445 1133 3535; x_wconf 85' lang='lat' dir='ltr'><strong>Scythia</strong></span> <span class='ocrx_word' id='word_1_250' title='bbox 1145 3446 1332 3537; x_wconf 74' lang='lat' dir='ltr'><strong>Europaeo</strong></span> 
     </span>
     <span class='ocr_line' id='line_1_33' title="bbox 225 3543 1329 3640; baseline 0.006 -30"><span class='ocrx_word' id='word_1_251' title='bbox 225 3565 330 3631; x_wconf 91' lang='lat' dir='ltr'><strong>quum</strong></span> <span class='ocrx_word' id='word_1_252' title='bbox 343 3544 378 3611; x_wconf 89' lang='lat' dir='ltr'><strong>in</strong></span> <span class='ocrx_word' id='word_1_253' title='bbox 392 3543 558 3635; x_wconf 88' lang='lat' dir='ltr'><strong>principio</strong></span> <span class='ocrx_word' id='word_1_254' title='bbox 577 3547 713 3615; x_wconf 86' lang='lat' dir='ltr'><strong>fabulae</strong></span> <span class='ocrx_word' id='word_1_255' title='bbox 730 3557 804 3615; x_wconf 88' lang='lat' dir='ltr'><strong>etv.</strong></span> <span class='ocrx_word' id='word_1_256' title='bbox 819 3547 907 3621; x_wconf 79' lang='lat'><strong>301.</strong></span> <span class='ocrx_word' id='word_1_257' title='bbox 922 3549 1108 3640; x_wconf 89' lang='lat' dir='ltr'><strong>significat,</strong></span> <span class='ocrx_word' id='word_1_258' title='bbox 1129 3559 1202 3616; x_wconf 89' lang='lat' dir='ltr'><strong>tum</strong></span> <span class='ocrx_word' id='word_1_259' title='bbox 1218 3572 1329 3640; x_wconf 86' lang='lat' dir='ltr'><strong>aper-</strong></span> 
     </span>
     <span class='ocr_line' id='line_1_34' title="bbox 224 3645 1330 3737; baseline 0.007 -25"><span class='ocrx_word' id='word_1_260' title='bbox 224 3645 289 3713; x_wconf 87' lang='lat' dir='ltr'><strong>tius</strong></span> <span class='ocrx_word' id='word_1_261' title='bbox 305 3645 407 3713; x_wconf 83' lang='lat' dir='ltr'><strong>etiam</strong></span> <span class='ocrx_word' id='word_1_262' title='bbox 420 3647 536 3737; x_wconf 92' lang='lat' dir='ltr'><strong>prodit</strong></span> <span class='ocrx_word' id='word_1_263' title='bbox 549 3672 579 3716; x_wconf 89' lang='lat' dir='ltr'><strong>v.</strong></span> <span class='ocrx_word' id='word_1_264' title='bbox 597 3648 683 3717; x_wconf 79' lang='lat'><strong>422.</strong></span> <span class='ocrx_word' id='word_1_265' title='bbox 706 3650 764 3717; x_wconf 95' lang='lat' dir='ltr'><strong>ubi</strong></span> <span class='ocrx_word' id='word_1_266' title='bbox 784 3650 973 3719; x_wconf 89' lang='lat' dir='ltr'><strong>Caucasum</strong></span> <span class='ocrx_word' id='word_1_267' title='bbox 984 3698 986 3701; x_wconf 29' lang='grc' dir='ltr'>ψ</span> <span class='ocrx_word' id='word_1_268' title='bbox 999 3652 1034 3717; x_wconf 92' lang='lat' dir='ltr'><strong>in</strong></span> <span class='ocrx_word' id='word_1_269' title='bbox 1062 3652 1330 3720; x_wconf 89' lang='lat' dir='ltr'><strong>circumiacenti-</strong></span> 
     </span>
     <span class='ocr_line' id='line_1_35' title="bbox 225 3747 1330 3846; baseline 0.008 -31"><span class='ocrx_word' id='word_1_270' title='bbox 225 3747 309 3836; x_wconf 90' lang='lat' dir='ltr'><strong>bus,</strong></span> <span class='ocrx_word' id='word_1_271' title='bbox 336 3749 398 3817; x_wconf 89' lang='lat' dir='ltr'><strong>sed</strong></span> <span class='ocrx_word' id='word_1_272' title='bbox 421 3750 627 3840; x_wconf 88' lang='lat' dir='ltr'><strong>aliquantum</strong></span> <span class='ocrx_word' id='word_1_273' title='bbox 647 3762 761 3820; x_wconf 82' lang='lat' dir='ltr'><strong>tamen</strong></span> <span class='ocrx_word' id='word_1_274' title='bbox 775 3755 911 3822; x_wconf 88' lang='lat' dir='ltr'><strong>remotis</strong></span> <span class='ocrx_word' id='word_1_275' title='bbox 932 3754 1127 3846; x_wconf 87' lang='lat' dir='ltr'><strong>regionibus</strong></span> <span class='ocrx_word' id='word_1_276' title='bbox 1144 3766 1330 3839; x_wconf 88' lang='lat' dir='ltr'><strong>memorat;</strong></span> 
     </span>
     <span class='ocr_line' id='line_1_36' title="bbox 226 3851 1330 3977; baseline 0.011 -60"><span class='ocrx_word' id='word_1_277' title='bbox 226 3851 434 3942; x_wconf 86' lang='lat' dir='ltr'><strong>apertissime</strong></span> <span class='ocrx_word' id='word_1_278' title='bbox 453 3862 566 3922; x_wconf 88' lang='lat' dir='ltr'><strong>autem</strong></span> <span class='ocrx_word' id='word_1_279' title='bbox 582 3877 614 3922; x_wconf 84' lang='lat' dir='ltr'><strong>v.</strong></span> <span class='ocrx_word' id='word_1_280' title='bbox 632 3854 718 3924; x_wconf 79' lang='lat' dir='ltr'><strong>tls.</strong></span> <span class='ocrx_word' id='word_1_281' title='bbox 733 3879 802 3946; x_wconf 94' lang='lat' dir='ltr'><strong>quo</strong></span> <span class='ocrx_word' id='word_1_282' title='bbox 815 3857 894 3977; x_wconf 88' lang='lat' dir='ltr'><strong>loeo</strong></span> <span class='ocrx_word' id='word_1_283' title='bbox 907 3857 947 3926; x_wconf 94' lang='lat' dir='ltr'><strong>Io</strong></span> <span class='ocrx_word' id='word_1_284' title='bbox 963 3856 1076 3948; x_wconf 90' lang='lat' dir='ltr'><strong>rapidi</strong></span> <span class='ocrx_word' id='word_1_285' title='bbox 1089 3859 1235 3928; x_wconf 87' lang='lat' dir='ltr'><strong>fluminis</strong></span> <span class='ocrx_word' id='word_1_286' title='bbox 1249 3882 1330 3928; x_wconf 90' lang='lat' dir='ltr'><strong>cur</strong></span> 
     </span>
     <span class='ocr_line' id='line_1_37' title="bbox 226 3956 670 4049; baseline 0.014 -29"><span class='ocrx_word' id='word_1_287' title='bbox 226 3974 300 4021; x_wconf 88' lang='lat' dir='ltr'><strong>sum</strong></span> <span class='ocrx_word' id='word_1_288' title='bbox 315 3977 476 4047; x_wconf 78' lang='lat' dir='ltr'><strong>persequi</strong></span> <span class='ocrx_word' id='word_1_289' title='bbox 464 3956 670 4049; x_wconf 90' lang='lat' dir='ltr'><strong>iubetur,</strong></span> 
     </span>
    </p>
   </div>
   <div class='ocr_carea' id='block_1_4' title="bbox 390 4103 1114 4210">
    <p class='ocr_par' dir='ltr' id='par_1_4' title="bbox 390 4103 1114 4210">
     <span class='ocr_line' id='line_1_38' title="bbox 390 4103 1114 4210; baseline 0.006 -32"><span class='ocrx_word' id='word_1_290' title='bbox 390 4105 475 4204; x_wconf 77' lang='grc' dir='ltr'><strong>πρὶν</strong></span> <span class='ocrx_word' id='word_1_291' title='bbox 493 4109 540 4182; x_wconf 78' lang='grc' dir='ltr'><strong>ἄν</strong></span> <span class='ocrx_word' id='word_1_292' title='bbox 557 4103 647 4207; x_wconf 74' lang='grc' dir='ltr'><strong>πρός</strong></span> <span class='ocrx_word' id='word_1_293' title='bbox 660 4103 777 4184; x_wconf 73' lang='grc' dir='ltr'><strong><em>αὐτόν</em></strong></span> <span class='ocrx_word' id='word_1_294' title='bbox 791 4103 990 4184; x_wconf 73' lang='grc' dir='ltr'><strong><em>Καύκασον</em></strong></span> <span class='ocrx_word' id='word_1_295' title='bbox 1006 4106 1114 4210; x_wconf 83' lang='grc' dir='ltr'><strong><em>μόλῃ.</em></strong></span> 
     </span>
    </p>
   </div>
   <div class='ocr_carea' id='block_1_5' title="bbox 226 4230 1329 4357">
    <p class='ocr_par' dir='ltr' id='par_1_5' title="bbox 226 4230 1329 4357">
     <span class='ocr_line' id='line_1_39' title="bbox 226 4230 1329 4357; baseline 0.009 -32"><span class='ocrx_word' id='word_1_296' title='bbox 226 4253 326 4340; x_wconf 75' lang='lat' dir='ltr'><strong>Quae</strong></span> <span class='ocrx_word' id='word_1_297' title='bbox 339 4230 445 4328; x_wconf 84' lang='lat' dir='ltr'><strong>verba</strong></span> <span class='ocrx_word' id='word_1_298' title='bbox 457 4261 524 4330; x_wconf 93' lang='lat' dir='ltr'><strong>iam</strong></span> <span class='ocrx_word' id='word_1_299' title='bbox 535 4264 621 4333; x_wconf 86' lang='lat' dir='ltr'><strong>inter</strong></span> <span class='ocrx_word' id='word_1_300' title='bbox 633 4263 786 4354; x_wconf 90' lang='lat' dir='ltr'><strong>antiquos</strong></span> <span class='ocrx_word' id='word_1_301' title='bbox 798 4266 997 4357; x_wconf 86' lang='lat' dir='ltr'><strong>interpretes</strong></span> <span class='ocrx_word' id='word_1_302' title='bbox 1010 4250 1224 4334; x_wconf 84' lang='lat' dir='ltr'><strong>adverterunt</strong></span> <span class='ocrx_word' id='word_1_303' title='bbox 1240 4287 1329 4348; x_wconf 87' lang='lat' dir='ltr'><strong>eum,</strong></span> 
     </span>
    </p>
   </div>
   <div class='ocr_carea' id='block_1_6' title="bbox 0 0 1472 4890">
    <p class='ocr_par' dir='ltr' id='par_1_6' title="bbox 0 0 1472 4890">
     <span class='ocr_line' id='line_1_40' title="bbox 0 0 1472 4890; baseline 0 0"><span class='ocrx_word' id='word_1_304' title='bbox 0 0 1472 4890; x_wconf 95' lang='lat' dir='ltr'><strong> </strong></span> 
     </span>
    </p>
   </div>
  </div>
 </body>
</html>
