2918 4890
513 245 571 310 ne
608 246 880 343 eraricum
905 242 952 310 ἄν

710 593 753 662 X

251 744 321 815 De
346 741 399 818 du
425 764 520 814 cum
542 742 796 816 indicativo
820 743 866 813 r‘n
885 750 935 815 ‘re
958 747 1210 843 consucta.

280 914 511 1007 Explicuimus
543 914 711 983 indicativi
736 939 814 983 cum
838 917 1003 1007 particula
1035 917 1082 991 ἄν
1106 918 1283 987 consocia-

179 1020 305 1088 tionem
338 1041 429 1101 eam,
466 1040 554 1106 quae
588 1018 680 1106 quod
705 1019 862 1109 impletae
889 1021 1085 1088 conditionis
1112 1023 1284 1090 notionem

181 1123 343 1207 continet,
380 1119 424 1187 ad
449 1143 522 1188 rem
547 1121 670 1188 factam
695 1122 848 1193 refertur.
900 1124 998 1190 Nunc
1028 1124 1206 1191 dicendum
1232 1135 1284 1193 est

180 1225 224 1293 de
256 1226 361 1292 altero
386 1246 529 1313 genere,
570 1224 663 1312 quod
694 1225 851 1311 quoniam
882 1224 926 1290 ad
959 1227 1183 1295 conditionem
1211 1250 1282 1294 non

178 1329 352 1419 impletam
378 1335 523 1416 spectat,
550 1326 594 1391 ad
619 1349 708 1414 rem,
735 1350 821 1414 quae
847 1350 916 1394 non
941 1337 991 1395 est
1010 1329 1116 1416 facta,
1150 1330 1281 1396 refera-

56 1437 62 1448 '
178 1442 233 1500 tur
258 1451 396 1497 necesse
421 1436 482 1498 est.
535 1427 710 1519 Significat
730 1429 817 1495 enim
841 1429 888 1519 id,
912 1430 1006 1519 quod
1030 1433 1137 1518 tieret,
1163 1433 1191 1500 si
1214 1432 1281 1499 im-

177 1535 272 1626 pleta
298 1539 385 1599 esset
410 1528 576 1613 conditio,
618 1552 687 1596 nou
711 1531 751 1597 fit
769 1540 901 1617 autem,
943 1534 1021 1622 quia
1046 1557 1112 1602 non
1139 1544 1190 1601 est
1213 1535 1281 1602 im-

176 1637 282 1729 pleta.
333 1633 411 1700 Hoc
436 1654 544 1723 genus
570 1654 630 1698 cur
653 1632 843 1723 imperfecti
867 1643 995 1702 tantum
1021 1646 1055 1703 et
1079 1638 1281 1728 plusquam-

176 1737 323 1832 perfecti
346 1744 380 1802 et
405 1735 515 1800 aoristi
541 1735 716 1826 proprium
742 1737 800 1822 sit,
827 1739 1096 1828 supradictum,
1122 1763 1197 1830 cap.
1219 1740 1279 1812 vl.

176 1842 416 1927 monitumque,
442 1838 470 1904 si
496 1838 594 1904 aliam
618 1838 687 1903 vim
710 1837 837 1906 habere
862 1840 1024 1924 videatur,
1057 1865 1157 1931 quam
1182 1843 1217 1909 in
1241 1866 1281 1910 re

176 1945 285 2027 facta,
319 1941 355 2008 id
379 1939 485 2008 videri
506 1940 756 2024 tantummodo,
789 1965 856 2008 non
883 1966 972 2030 esse,
1003 1945 1081 2034 quia
1115 1943 1278 2012 differen-

175 2049 223 2115 tia
247 2044 353 2114 omnis
379 2066 449 2111 non
472 2043 507 2110 in
530 2042 709 2110 indicativo
736 2052 770 2110 et
798 2046 983 2135 particula,
1025 2046 1087 2114 sed
1111 2048 1146 2114 in
1171 2070 1213 2114 eo
1240 2049 1280 2116 sit

175 2151 301 2243 posita,
331 2155 442 2215 utrum
467 2145 511 2214 de
538 2146 675 2236 impleta
700 2169 743 2213 an
769 2145 812 2213 de
838 2170 906 2214 non
931 2149 1071 2239 impleta
1091 2149 1280 2218 conditione

176 2255 218 2321 sit
243 2249 472 2344 cogitandum.
525 2249 640 2333 Quare
664 2250 723 2316 ubi
747 2272 858 2338 neque
884 2249 1014 2318 adiecta
1047 2261 1098 2319 est
1129 2253 1279 2321 conditio

175 2378 246 2424 non
270 2353 428 2442 impleta,
461 2373 571 2439 neque
601 2359 744 2441 apparet
773 2351 1031 2443 intelligendane
1057 2355 1167 2422 sitan
1198 2378 1278 2444 non,

176 2459 224 2525 ibi
246 2476 383 2547 prorsus
409 2453 607 2544 ambiguum
631 2462 754 2539 manet,
784 2456 955 2543 quomodo
981 2458 1085 2524 verba
1109 2457 1278 2548 interpre-

174 2558 238 2659 tari
264 2555 400 2627 debeas.
450 2555 498 2623 Vt
521 2553 614 2647 apud
638 2555 900 2647 Aristophanem
924 2559 959 2626 in
983 2559 1090 2629 Pacet
1117 2559 1230 2633 1198.

277 2722 307 2800 oi
333 2719 500 2820 φίλτατ’,
527 2718 556 2796 ui
585 2721 754 2820 Τροπαῖ’,
781 2721 840 2798 ὅσ’
865 2723 959 2822 ἡμᾶς
984 2722 1135 2821 ταγαθοῖ

278 2831 466 2923 δέδρακας,
492 2820 635 2922 εἰρήνην
664 2822 832 2924 ποιήσας·
852 2827 897 2910 oie
922 2832 1065 2926 προνοῦ

279 2927 393 3010 οὐδεὶς
418 2926 565 3026 ἐπρίατ’
591 2926 638 3002 ἄν
669 2932 847 3026 δρέπανον
873 2928 957 3006 οὐδὲ
982 2925 1166 3028 κολλύβου.

174 3101 320 3172 Perinde
346 3107 413 3184 est,
449 3098 519 3166 sive
543 3106 673 3184 vertas,
717 3109 829 3170 antea
859 3123 963 3170 nemo
984 3101 1107 3195 facile
1133 3064 1302 3174 emebat!

164 3204 312 3300 sulcem
338 3198 495 3292 collybo,
526 3201 594 3270 sive
620 3203 729 3291 dicas,
762 3227 867 3274 nemo
893 3206 1057 3276 emisset:
1090 3206 1118 3275 si
1150 3207 1277 3276 scilicet

50 3366 55 3376 .
173 3308 297 3379 venalis
323 3305 448 3376 fuisset.
498 3332 503 3340 ·

73 3490 75 3496 s
274 3409 455 3477 Videamus
473 3407 541 3474 iam
558 3430 657 3477 usum
674 3409 796 3500 ipsum.
829 3408 877 3477 Et
892 3408 1003 3502 primo
1025 3409 1162 3501 quidem
1181 3413 1275 3509 apud

173 3516 301 3608 epicos,
325 3512 494 3582 Homems
521 3508 589 3583 Od.
616 3519 652 3605 β.
680 3510 766 3584 184.

480 3674 544 3753 οὐκ
570 3677 616 3752 ἄν
641 3673 756 3756 τόσσα
781 3681 1017 3780 θεοπροπέων
1043 3677 1221 3784 α’ρὸρλσες.

176 3851 259 3922 Non
284 3852 437 3922 diceres.
462 3850 509 3919 Et
533 3877 561 3924 a.
589 3841 650 3924 39.

272 4016 390 4112 πόλλ’,
413 4017 472 4094 ὅσ’
498 4019 543 4095 ἄν
568 4016 737 4095 οὐδέποτ’
757 4025 794 4096 ἐν
821 4018 948 4145 Turrino
973 4015 1118 4121 ἐξήρατ’
1142 4020 1272 4098 Ὀδυσ-

793 4152 796 4160 ·
827 4151 926 4214 cruc,

275 4228 375 4324 εἴπερ
401 4219 553 4323 ἀπήμων
578 4220 687 4320 ἦλθε,
712 4220 830 4319 λαχσλν
855 4220 930 4300 dud
953 4231 1072 4326 ληΐδος
1097 4223 1215 4304 αἶσαν.
