2918 4890
190 297 255 362 24⁰
440 289 869 352 nunnusrsuacrls
898 287 1053 350 ELEGI.

299 476 519 575 γιγνώσκεις·
546 477 568 554 ὁ
583 477 618 554 δ’
633 473 757 560 οίοιδός
772 472 925 575 ἀηδόνος
941 473 1109 574 ἠράσαθ’
1123 474 1249 569 ὕμνων
1257 531 1270 564 ,

220 581 272 654 50
353 579 465 680 Τηϊον
481 577 642 676 α’λγόνων
656 581 772 677 ἄνδρα
788 581 1027 678 πολυφραδίῃ.
1373 578 1378 585 “

295 686 355 760 ναί
369 681 439 781 γοῖρ
454 681 523 782 την
539 685 560 759 o‘
575 679 744 778 μελιχρός
758 682 943 779 ε’φωμίλησ
953 680 961 700 ’
973 678 1213 777 Ἀνακρείων,

350 791 589 886 στελλομένην
605 793 752 867 πολλαῖς
765 785 910 878 ἄμμιγα
924 779 1138 877 Λεσβιάσιν.

298 891 412 987 φοίτα
439 887 475 964 δ’
500 890 630 965 ἄλλοτε
656 891 725 982 μίν
750 888 880 1006 λείπων
905 881 1063 1008 Σάμον,
1098 885 1229 960 ἄλλοτε
1260 882 1299 958 δ’

820 1017 935 1085 αυτην

349 1090 498 1192 οἰνηρήν
515 1093 642 1190 δοῦριν
658 1095 864 1190 κεκλιμένην
881 1089 1061 1187 πατρίδα.

222 1197 273 1268 55
299 1200 449 1289 Λέσβον
465 1203 498 1277 ἐς
518 1195 677 1270 εὔοινον·
705 1188 751 1266 τό
765 1196 803 1269 δὲ
818 1193 952 1291 μυρίον
966 1196 1069 1274 είςιδι
1083 1186 1228 1265 Λεκτόν

196 1376 405 1391 n*-

282 1489 335 1554 49.
363 1484 605 1544 invenustissime
621 1482 834 1558 Ruhnkenius,
857 1481 1049 1540 distinctione
1063 1481 1174 1560 posita,
1195 1474 1303 1558 ὕμνων

198 1594 268 1634 cum
279 1572 474 1654 πολυφραδίῃ
490 1570 573 1646 iungi
589 1569 698 1630 voluit.
743 1567 817 1626 Cod.
831 1567 903 1626 Ven.
915 1567 1032 1648 ὑμνῶν.

283 1658 334 1724 61.
360 1655 438 1716 Edd.
466 1649 656 1733 Ἀνακρείων.
701 1653 781 1712 MSS.
802 1647 986 1735 Ἀνακρέων,
1009 1649 1093 1730 quod
1112 1649 1302 1730 praeferrem,

197 1743 223 1804 si
236 1741 425 1821 ίφωμίλησεν
444 1741 532 1818 plene
548 1740 693 1818 scriptum
708 1737 884 1800 invenirem.
928 1738 1024 1798 Valde
1039 1736 1116 1796 enim
1139 1735 1305 1794 insolenter

197 1827 362 1909 penultima
376 1825 432 1886 sub
446 1825 509 1884 ictu
527 1845 635 1884 versus
655 1824 851 1904 producitur,
873 1832 902 1883 et
917 1825 1059 1883 facillime
1071 1822 1106 1880 id
1121 1822 1231 1881 evitare
1245 1841 1303 1900 po-

198 1922 299 1973 tuerat
319 1920 426 1992 poeta,
456 1911 482 1969 si
502 1911 687 1990 scripsisset,
716 1909 768 1972 καλ
784 1906 841 1994 γολρ
862 1905 918 1990 τήν
938 1909 954 1974 ό
972 1904 1105 1991 μελιχρὸς
1122 1902 1304 1987 Ἀνακρείων

198 1998 213 2063 ἒ
239 2000 268 2062 ll.
290 2017 352 2058 σεν.

213 2022 238 2079 φ
268 2022 334 2150 ηὸλ.
358 2076 580 2160 Σιελλομίνην,
610 2079 737 2158 nequis
763 2076 962 2161 στεργομένην
983 2077 1142 2154 coniiciat,
1173 2078 1304 2156 exquisi-

198 2167 277 2229 tiora
297 2189 398 2227 amans
417 2177 504 2246 poeta
523 2165 624 2224 dicere
639 2165 758 2224 videtur
772 2161 828 2244 τη“ν
849 2162 1134 2244 μεταπεμπομένην,
1158 2164 1305 2242 adquam

200 2255 294 2314 multa
310 2253 424 2312 miserit
439 2255 571 2310 carmina
586 2251 752 2310 Anacreon.

284 2339 336 2404 54.
361 2336 435 2396 Edd.
451 2346 524 2395 vett.
538 2346 568 2395 et
582 2345 617 2393 ut
627 2337 750 2395 videtur
765 2336 854 2394 etiam
871 2335 990 2394 codices
1005 2334 1087 2397 MSS.
1104 2342 1226 2414 praeter
1241 2333 1305 2392 Pal.

197 2423 312 2502 inquo
336 2433 379 2481 est
398 2423 521 2500 δοῦχιν,
547 2420 659 2479 habent
680 2424 810 2501 (loripes,
838 2422 922 2499 quod
945 2421 1137 2479 Casaubonus
1160 2419 1192 2477 in
1216 2417 1305 2499 daupi

198 2507 339 2568 mutavit.
383 2508 422 2564 At
443 2525 540 2582 neque
560 2504 620 2563 hcc
640 2515 765 2585 propter
784 2516 913 2565 metrum
935 2507 1008 2564 ferri
1033 2514 1147 2584 potest,
1175 2524 1249 2578 nec,
1279 2505 1305 2562 si

199 2593 269 2672 quis
289 2587 391 2672 δοιίρει
411 2591 544 2665 scribat,
567 2590 645 2650 sicut
666 2588 746 2670 δόρει
762 2590 891 2665 dicitur,
913 2591 998 2650 facile
1018 2590 1166 2664 inveniat,
1190 2611 1251 2667 quo
1272 2590 1306 2648 id

120 2710 134 2728 ι
200 2678 338 2756 exemplo
354 2675 473 2734 defendi
488 2676 593 2755 possit.
636 2676 696 2735 Sed
717 2687 850 2756 praestat
870 2687 967 2736 tamen
984 2677 1095 2752 altero,
1118 2674 1202 2754 quod
1220 2675 1305 2734 nullo

200 2773 290 2844 pacto
304 2760 528 2822 admittendum.

285 2848 335 2914 55.
356 2847 437 2905 Libri
452 2844 485 2909 τὸ
496 2844 530 2908 dl
542 2847 660 2925 μυρίον.
704 2847 871 2906 Casauboni
885 2846 1061 2922 inventum,
1082 2840 1118 2908 τό
1135 2839 1167 2906 dl
1183 2839 1222 2921 δαί
1236 2844 1306 2920 ῥίον

202 2931 289 2991 nimis
310 2933 430 2990 facilem
455 2933 565 2990 aviris
582 2932 681 2990 doctis
700 2953 851 2991 assensum
874 2933 1054 3012 impetravit.
1099 2929 1306 2989 Certissimum

202 3026 263 3094 est,
286 3017 556 3077 Hermesianactem
574 3015 710 3093 dedisse,
731 3014 765 3079 τό
781 3012 814 3078 d’
828 3012 975 3098 ὁμούριον
988 3017 1078 3091 sloede
1092 3010 1218 3078 Λεκτόν.
1229 3017 1255 3092 g)

269 3269 301 3338 g)
319 3269 474 3333 Schaeterns
491 3269 524 3321 ad
543 3268 675 3326 Plutarch.
692 3272 745 3327 vol.
759 3271 791 3324 V.
811 3287 838 3340 p.
851 3269 909 3324 149.
928 3270 1065 3334 ,,Αεκτοῦ.
1098 3270 1144 3324 Sic
1156 3269 1303 3327 τονοντίον.

202 3337 436 3391 v.straboxt11.
454 3341 477 3390 1.
490 3339 516 3390 2.
539 3339 574 3390 Τ.
592 3340 627 3391 11.
648 3359 675 3410 p.
689 3339 748 3398 438.
768 3341 829 3393 Cor.
865 3339 897 3391 In
913 3341 1046 3394 Athenaeo
1067 3358 1094 3410 p.
1113 3341 1173 3394 598.
1193 3339 1224 3394 (l.
1242 3358 1305 3409 per-

202 3423 290 3477 peram
310 3407 438 3458 dederunt
450 3403 572 3472 Λέκτον,
589 3409 634 3460 ubi
651 3412 754 3477 μυρίον
766 3412 794 3463 in
809 3406 924 3462 Μύσιον
939 3427 1023 3478 παρετ
1036 3409 1208 3479 probabiliter
1221 3417 1305 3465 muta-

46 3562 53 3575 .
95 3512 96 3516 ,
202 3474 243 3528 vit
265 3475 338 3528 Guil.
357 3475 437 3526 Ferd.
454 3477 607 3530 Wenschins
624 3479 652 3532 iu
667 3480 753 3533 libello
768 3478 923 3532 scholastico
941 3478 1090 3547 (Viteberg.
1112 3481 1192 3547 1829)
1211 3497 1238 3548 p.
1262 3481 1305 3533 17.

202 3545 270 3600 Nam
286 3545 358 3612 quod
378 3543 524 3598 Hermanno
546 3547 573 3598 in
592 3556 698 3601 mentem
712 3549 784 3602 venit
801 3542 937 3615 ὁμούριον
953 3554 1055 3600 tantum
1071 3549 1147 3600 abest
1159 3556 1188 3600 nt
1206 3555 1305 3602 certum

202 3613 239 3666 sit
261 3612 330 3682 (ipsi
353 3620 393 3665 est
412 3612 615 3683 certissimum),
632 3626 662 3670 ut
679 3637 712 3670 na
731 3619 844 3670 umbram
862 3619 965 3688 quidem
984 3618 1081 3670 habeat
1101 3616 1304 3685 probabilitatis.

203 3681 311 3750 Quippe
330 3687 460 3762 repugnat
477 3682 573 3736 rationi
593 3683 679 3738 dicere
700 3687 857 3738 contermina
876 3704 944 3756 quae
957 3686 1117 3738 disterminat
1134 3704 1205 3739 mare
1223 3686 1306 3738 iuter-

202 3750 306 3802 iactum.
325 3750 412 3814 Talia,
429 3751 537 3815 atone,
555 3752 608 3804 dici
622 3763 730 3823 possunt
740 3753 926 3824 πλησιόχωρα,
943 3772 995 3807 non
1006 3760 1114 3824 possunt
1123 3755 1174 3808 dici
1182 3749 1305 3821 όμορα.“

202 3818 309 3901 Rationi
330 3836 380 3887 ego
400 3818 504 3901 quidem
526 3827 609 3874 atram
627 3823 702 3876 bilem
725 3841 814 3892 parum
834 3826 940 3878 amicam
954 3841 1010 3877 esse
1026 3823 1113 3876 video.
1149 3826 1192 3876 Ne
1210 3825 1304 3891 dicam,

203 3905 247 3939 cus
261 3903 358 3940 vacuus
376 3887 518 3957 cupidltate
532 3890 628 3943 animus
642 3893 691 3956 sit,
714 3902 831 3946 nontam
845 3894 907 3946 exili
920 3893 1056 3962 diligentia
1067 3901 1159 3963 poetas
1171 3893 1307 3962 interpre-

203 3959 316 4038 tatufum
340 3974 412 4019 esse,
438 3967 468 4010 ut
485 3966 579 4028 neget,
603 3977 669 4028 quae
688 3963 865 4031 πλησιόχωρα
886 3962 1098 4032 prosa‘oratione
1119 3968 1166 4015 aut
1186 3968 1305 4031 aposta,

203 4025 287 4094 qualis
306 4025 344 4076 lo.
360 4025 473 4078 Tzetaes
489 4029 556 4091 suit,
575 4028 628 4080 dici
646 4031 769 4093 credibile
784 4040 838 4098 est,
864 4026 955 4097 i'popu
970 4032 1086 4102 potuisse
1098 4031 1164 4098 dici,
1182 4033 1307 4101 malitque

203 4101 344 4163 propterea
361 4093 476 4176 troadis
490 4100 690 4164 promontorium
712 4102 815 4169 Mysiae
835 4102 965 4155 adscribi:
990 4101 1051 4170 ouis
1068 4100 1151 4153 nescit
1166 4109 1194 4155 et
1214 4098 1306 4168 ὅμορα

204 4169 232 4215 et
243 4170 416 4244 αοπιερπιιιισ,
441 4181 515 4232 quam
528 4183 615 4219 vocem
631 4169 741 4222 Tacitus
757 4171 852 4240 aliique
867 4170 994 4240 sequioris
1007 4170 1067 4223 aevi
1079 4170 1220 4239 scriptores
1243 4188 1306 4239 pro·

204 4239 388 4314 corporationis
402 4239 533 4302 acceptam
548 4251 563 4286 a
576 4237 659 4304 poetis
673 4247 807 4305 amarunt,
824 4259 904 4311 saepe
914 4240 975 4292 nihil
989 4239 1060 4292 alind
1074 4257 1149 4308 quam
1161 4241 1250 4292 cicino
1269 4239 1306 4291 si·
1374 4237 1377 4240 ⁴

203 4299 352 4370 gnrficaret
368 4298 422 4351 Sed
434 4318 468 4354 na
485 4303 601 4370 ratione,
619 4306 690 4360 cuius
706 4325 779 4364 usum
798 4328 878 4382 saepe
889 4309 953 4363 vitio
966 4309 1043 4362 uobis
1055 4309 1138 4363 vertit
1152 4308 1193 4362 vir
1204 4308 1306 4363 doctis-
