2918 4890
549 275 632 338 ma.
660 275 686 366 ι.
729 272 824 335 car.
846 274 897 338 ra.
1235 273 1278 336 ra

166 467 292 537 Refert
307 466 401 535 ‘enim
422 487 496 533 rem
520 472 694 559 tamquam
717 465 861 553 factam,
889 461 968 552 quia
1001 471 1093 530 certo
1112 461 1159 530 ita
1182 462 1275 530 futu-

167 595 243 640 rum
264 571 368 638 fuisse
384 568 533 636 indicare
554 570 635 636 vult.
688 569 746 637 Sic
768 568 868 635 etiam
882 565 1064 656 Euripides
1079 565 1113 631 in
1132 565 1277 634 Bacchis
1327 610 1359 657 ‘.

122 753 124 756 ⁴
166 699 201 750 v.
224 671 337 756 1309.
358 681 392 740 et
409 673 445 739 iu
470 671 552 740 lone
574 666 660 738 353.
711 671 814 738 Nolet
840 669 927 758 haec
948 667 1052 736 hodie
1073 670 1210 756 mutari,
1241 675 1277 737 ut

138 760 141 767 ⁶
167 801 288 870 spero,
322 776 519 865 Elmsleius,
545 798 648 862 quem
669 773 746 841 vide
768 773 812 841 ad
828 772 925 845 Med.
940 769 1028 840 416.
1042 779 1112 846 not.
1135 794 1171 864 p.
1188 768 1274 841 150.

167 880 326 974 Diphilus
342 877 437 972 apud
451 877 576 947 Athen.
590 877 648 945 lv
662 900 700 968 p.
714 873 800 945 165.
815 877 855 945 F.

274 1035 310 1106 εἰ
331 1058 381 1127 μη
410 1023 568 1126 συνήθης
595 1025 828 1125 Φαιδίμῳ’
790 1058 812 1122 γ
853 1022 1046 1153 ἐτύγχανεν

275 1163 295 1207 ο
286 1131 496 1261 Χαβρίου
521 1127 759 1228 Κτήσιππος,
788 1127 1023 1230 οιςηγησοίμην

275 1231 390 1330 νόμον
418 1233 491 1309 τίν’
518 1232 582 1308 ούν
603 1232 803 1334 ἄχρηστον,
829 1233 874 1315 cic
900 1235 983 1328 ἐμοὶ
1009 1239 1115 1308 δοκεῖ

168 1388 367 1464 Herodotus
384 1389 409 1461 I
430 1388 516 1458 187.
530 1389 614 1484 τῇσι
636 1388 674 1460 δέ
693 1381 825 1481 πύλῃσι
840 1376 1005 1484 ταύτῂλπ
1017 1383 1162 1461 οὐδέν’
1144 1389 1277 1509 εχροῖτο

169 1494 280 1566 τοῦδε
297 1491 474 1571 εί’νεαα,”
452 1521 512 1564 οτι
529 1490 618 1582 ύπέρ
633 1492 786 1584 κεφαλῆς
801 1497 838 1562 οἱ
856 1462 1036 1581 ἐγένέτο
1015 1518 1034 1562 ο
1050 1485 1171 1586 νενρός
1185 1496 1277 1572 διεξ-

169 1589 373 1669 ελαύνοντι.
424 1596 503 1663 Ηοο
524 1595 673 1685 inprimis
696 1593 902 1661 iucuientum
923 1594 1116 1684 exemplum
1141 1604 1208 1681 est,
1235 1616 1278 1661 ex

170 1719 241 1788 quo
259 1720 519 1790 cognoscamus,
546 1697 715 1787 aptissime
730 1695 809 1762 huic
825 1696 956 1787 figurae
971 1697 1084 1763 locum
1103 1720 1193 1785 esse,
1204 1710 1208 1716 ’
1220 1697 1279 1764 ubi

169 1823 244 1868 rem
255 1801 391 1867 minime
412 1800 549 1868 dubiam
564 1799 751 1890 siguificare
767 1799 930 1869 volumus.
971 1801 1069 1866 'Nam
1088 1822 1193 1888 quum
1215 1801 1279 1868 Ni*
1308 1855 1311 1860 .

169 1898 390 1970 tocris'condi
410 1925 445 1970 se
466 1903 627 1996 voluisset
647 1923 748 1991 supra
764 1901 985 1991 portasillas,
1009 1903 1199 1969 necessario
1223 1926 1277 1970 su·

169 2027 236 2097 per
256 2006 368 2096 capite
383 2005 476 2073 Darii
492 2005 610 2073 fuisset
625 2025 748 2095 corpus
767 2011 938 2090 mortuae,
964 2003 1069 2096 siper
1089 2026 1145 2072 eas
1159 2013 1277 2095 portas

170 2115 287 2176 vectus
307 2116 422 2176 esset·

236 2251 241 2256 ⁸
274 2258 387 2329 Vnum
409 2261 462 2330 his
485 2261 610 2329 addam
630 2259 721 2328 aliud
743 2259 841 2327 huius
857 2259 988 2352 figurae
1009 2260 1217 2352 exemplum,
1243 2269 1280 2328 ut

172 2362 349 2432 ostendam
365 2386 425 2433 cur
440 2365 545 2434 semel
564 2365 598 2432 in
615 2387 657 2432 eo
679 2363 831 2440 additum
852 2360 893 2432 sit
916 2361 971 2436 ἄν.
1025 2365 1088 2432 Est
1106 2364 1189 2432 iilud
1211 2363 1279 2432 De·

172 2466 357 2535 mosthenis
380 2468 426 2536 ad
448 2469 588 2560 Apatur.
610 2463 646 2560 p
671 2467 758 2554 901,
783 2465 843 2535 13.
876 2469 1036 2558 γενέσθω
1064 2464 1190 2540 τοίνυν
1218 2463 1279 2538 ναί

172 2569 284 2643 τούτο
307 2567 396 2662 ύμῖν
419 2564 616 2666 τεκμήριον
640 2598 707 2643 τοο
695 2565 930 2664 ”derideantur
949 2562 1219 2698 Ἀπατούριον
1246 2570 1282 2642 εἰ

171 2666 242 2768 γοίρ
258 2667 502 2796 ἐνεγνησοίμην
515 2667 583 2767 ἐγοί
595 2667 713 2767 τούτῳ
729 2701 795 2744 τον
812 2675 1069 2767 Παρμένοντα,
1092 2667 1163 2743 σύν
1178 2673 1278 2746 ἔστιν

109 2802 112 2807 ·
173 2771 268 2854 ὅπως
283 2768 403 2870 τούτῳ
419 2776 489 2868 μὲν
504 2773 592 2870 ύπέρ
612 2774 747 2849 ἐκείνου
767 2771 823 2846 α’π
822 2803 872 2901 Ηη
867 2772 956 2863 χθ’
934 2803 954 2846 ο
966 2801 1032 2897 μη
1036 2803 1055 2846 ν
1062 2829 1076 2862 ,
1103 2768 1278 2868 πρόνοιαν

172 2871 391 2969 ποιούμενος
412 2876 506 2959 ὅπως
519 2906 570 2973 μη
563 2872 760 2954 οἷπολεῑ
736 2906 760 2948 α
780 2873 948 2968 (1ιέμοῦ
963 2870 1083 2997 τούτςρ
1100 2878 1277 2971 σννίβαλ-

172 2982 250 3051 λεν·
294 2974 468 3060 αύτοςδ’
494 2974 655 3074 ἐμαντόν
688 2979 990 3074 περιεῖδον
965 3008 1015 3052 αν
1048 2975 1114 3053 ἐπ’
1141 2980 1278 3055 ἐκείνου

173 3108 264 3176 προς
282 3083 418 3156 τοῦτον
432 3088 470 3157 ἐν
486 3076 592 3202 ἐγγύῃ
607 3077 936 3174 καταλειπόμενον·
963 3081 1047 3156 τίνα
1065 3073 1139 3204 γοίρ
1152 3082 1277 3158 ἐλπίδα

173 3184 305 3274 ἔσχον
337 3185 473 3258 τοῦτον
496 3179 771 3281 ἀποσχήσεσθαί
797 3211 890 3278 μον,
919 3183 962 3257 ὃν
984 3179 1093 3265 corde
1117 3179 1277 3278 ἠναγκοί-

173 3313 245 3358 κειν
269 3286 391 3410 ἐκείνῳ
411 3317 459 3362 τα
451 3281 606 3361 δίκαια
630 3287 802 3410 πονῆσαις
833 3287 892 3360 καί
924 3315 992 3383 την
1017 3282 1142 3384 ἐγγύην
1164 3283 1281 3388 arico&
1321 3291 1326 3296 ’

173 3383 359 3484 είςπροίξας
384 3383 452 3487 τήν
480 3393 530 3470 εἰς
558 3418 626 3487 την
639 3383 839 3513 τροίπεζαν
869 3385 958 3516 appe
982 3386 1206 3479 οίπέχθειαν,
1240 3391 1280 3463 τί

172 3485 512 3586 προσεδόκων
492 3521 561 3566 vno
585 3487 721 3566 τούτου
745 3520 855 3574 αντος
867 3492 1081 3584 πείσεσθαι,
1105 3489 1258 3559 Drxrt
1214 3519 1279 3565 ονν
1326 3547 1328 3552 -
1423 3563 1426 3574 ,

173 3593 274 3666 ἐστιν
288 3591 382 3676 ὅπως
400 3623 511 3676 αντος
527 3589 689 3686 ἐμαντον
710 3594 931 3716 περιεῖδον
906 3625 951 3668 αν
958 3650 973 3684 ,
1001 3596 1095 3684 quia,
1122 3617 1226 3683 quum
1246 3596 1280 3671 in

173 3719 211 3763 re
229 3705 363 3788 sumpta
377 3698 504 3788 aliquid
517 3698 629 3767 denuo
643 3699 793 3784 sumitur,
818 3699 855 3766 id
872 3723 941 3767 nou
953 3707 1067 3791 potest
1077 3720 1151 3765 rem
1164 3721 1280 3767 veram

174 3795 375 3890 oppositam
388 3801 533 3890 habere,
567 3802 628 3871 sed
650 3801 793 3870 refertur
817 3801 863 3869 ad
883 3804 999 3870 fictum
1020 3800 1110 3891 quid.
1165 3802 1281 3887 Quare

172 3899 320 4075 {153¹er
329 3897 423 3979 α’λλοί
440 3908 643 4003 περιεῖδον,
671 3904 732 3973 sed
752 3899 850 3978 α’λλοί
865 3908 1047 4001 περιεῖδον
1071 3903 1117 3980 οἶν
1138 3908 1281 3999 opposi-

276 4159 381 4244 Quod
402 4183 504 4252 supra
520 4158 692 4247 dicebam,
719 4182 825 4250 quum
839 4179 902 4250 per
919 4159 1066 4251 figuram
1080 4148 1280 4228 rhetoricam

174 4262 336 4331 omittitur
350 4260 397 4336 οἷν
404 4317 417 4353 ,
443 4263 584 4334 verbum
597 4285 663 4331 uon
680 4285 788 4353 »posse
803 4286 871 4332 non
886 4263 1025 4356 proprie
1042 4263 1086 4332 de
1099 4262 1280 4354 praeterito
1384 4283 1386 4286 ·
