2918 4890
213 245 279 309 aas
573 238 947 303 cnsucarrouss
1067 211 1071 218 ’

216 431 425 504 mirationem
447 430 616 522 excipias,
649 431 778 525 primus
802 432 920 500 utilem
943 431 974 500 ei
998 453 1140 524 operam
1160 432 1333 524 praestitit

218 539 268 605 vir
283 535 435 604 doctrina
445 557 554 623 aeque
568 543 670 624 atque
681 559 745 604 usu
760 536 932 604 doctrinae
947 536 1095 623 eximius,
1120 537 1216 604 Imm.
1232 535 1332 604 Bek-

217 640 338 723 karus,
364 637 628 705 emendatiorem
648 648 721 706 tum
744 663 786 707 cx
805 641 911 707 multo
933 640 1072 706 meliore
1091 639 1228 725 codice,
1253 648 1332 707 tum

218 741 469 834 comparatione
489 741 602 810 Nonni
621 764 643 808 a
658 742 831 811 Wemikio
854 743 946 811 facta
966 741 1136 810 exhibens.
1187 743 1332 831 Aliquot

218 845 424 915 versionibus
449 852 483 912 ct
506 845 744 914 commentario
766 847 964 914 instructum
980 846 1097 937 paullo
1120 855 1200 937 post
1220 845 1332 913 edidit

218 949 402 1019 Stanislaus
417 947 572 1034 lulianus,
598 947 731 1017 duobus
744 949 844 1017 codd.
858 949 1023 1035 Parisinis,
1048 971 1190 1038 quorum
1206 948 1331 1016 lectiu-

218 1077 278 1121 nes
292 1053 360 1120 iam
371 1051 564 1144 Lenuepius
582 1049 721 1139 habuit,
745 1075 814 1120 non
828 1048 936 1120 solum
950 1053 1071 1119 iterum
1095 1052 1239 1139 collatis,
1264 1050 1330 1120 sed
1374 1062 1377 1067 '

217 1157 356 1249 integris
372 1154 536 1247 ipsarum
551 1154 662 1224 forma
678 1157 861 1224 litterarum
875 1155 1035 1248 repetitis.
1077 1155 1186 1224 Huius
1204 1153 1329 1224 editio-

219 1260 268 1328 nis
290 1261 348 1349 qui
360 1259 499 1328 brevem
514 1281 690 1328 censuram
703 1260 739 1327 in
758 1259 891 1328 Notitiis
911 1259 971 1326 litt.
988 1258 1081 1326 Gott.
1099 1282 1129 1327 a.
1145 1254 1258 1330 1825.
1280 1279 1327 1326 ιιι.

219 1363 315 1455 Sept.
331 1363 369 1430 P.
383 1359 469 1429 155.
487 1362 619 1454 scripsit
632 1364 674 1432 V.
683 1364 727 1432 Ι).
737 1363 869 1447 mirum,
896 1360 988 1453 quod
1005 1362 1128 1430 collato
1142 1362 1229 1431 libro
1241 1359 1329 1430 Mu-

218 1466 338 1534 tinensi
351 1487 479 1556 paucos
498 1473 628 1534 tanturn
643 1475 770 1534 restare
792 1475 969 1557 corruptos
984 1466 1078 1533 locos
1094 1466 1150 1533 ait.
1201 1464 1329 1533 Novis-

219 1570 303 1637 sime
317 1569 517 1659 impressum
532 1577 582 1636 est
598 1591 734 1637 cmmen
747 1569 830 1636 illud
846 1593 866 1637 c
878 1569 1072 1637 recensione
1085 1567 1236 1636 Beklreri
1249 1589 1331 1635 cum

194 1669 472 1762 flTrypbiodoro
486 1671 633 1764 Lipsiae,
657 1671 793 1740 adiectis
808 1673 989 1764 scripturis,
1012 1695 1093 1760 quas
1110 1671 1219 1740 codex
1232 1673 1330 1738 Nea-

218 1775 403 1867 politanus,
438 1774 558 1842 nullius
579 1775 636 1843 ille
661 1766 779 1867 pretii,
818 1775 1061 1867 suppeditarat
1112 1773 1331 1842 Emendandi

108 1884 113 1891 '
218 1877 406 1970 periculum
425 1877 506 1944 fecit
519 1877 576 1944 Fr.
593 1878 768 1963 Graelius,
794 1879 845 1946 vir
864 1879 945 1946 mibi
963 1877 1200 1962 amicissimus,
1223 1899 1330 1967 quem

33 2013 36 2020 ·
140 2042 145 2052 ,
218 1989 361 2072 propter
375 1979 529 2048 eximium
549 1983 648 2049 animi
664 1981 847 2050 candorem
861 2005 930 2051 non
944 1983 1051 2049 minus
1070 2004 1172 2072 quam
1183 1987 1330 2072 propter

219 2084 411 2152 excellentis
424 2084 552 2175 ingenii
565 2086 702 2154 virtutes
719 2085 823 2178 diligo
844 2083 1027 2178 magnique
1041 2084 1140 2152 facio.
1192 2083 1224 2150 ls
1241 2105 1328 2172 quas

218 2186 392 2278 Petropoli
408 2187 513 2254 edidit
530 2185 791 2256 Observationes
808 2189 936 2256 criticas
952 2189 985 2254 in
1002 2187 1186 2280 Coluthnm
1199 2185 1330 2254 etMu-

219 2312 354 2375 saeum,
379 2291 538 2380 repetitas
555 2291 600 2358 ad
618 2293 745 2360 calcem
768 2292 933 2384 Lennepii
955 2291 1107 2359 editionis
1132 2289 1328 2382 Lipsiensis,

219 2393 309 2458 iniis
332 2393 465 2482 gavisus
484 2414 558 2459 sum
582 2416 685 2482 quum
708 2417 785 2461 eum
806 2395 974 2484 quaedam
1004 2394 1222 2486 proposuisse
1245 2392 1327 2477 vidi,

218 2493 254 2560 in
270 2515 358 2581 quac
373 2515 442 2584 ego
461 2517 598 2584 quoquc
612 2496 812 2564 incideram:
838 2499 872 2564 in
889 2499 958 2565 aliis
980 2519 1048 2564 non
1062 2497 1179 2588 paucis
1194 2495 1329 2564 diversa

217 2595 302 2664 mihi
326 2597 486 2664 sententia
511 2607 571 2668 est.
623 2599 786 2667 Adsuevit
810 2601 915 2688 enim,
942 2601 1175 2667 statuariorum
1193 2599 1328 2667 illorum

218 2722 333 2782 more,
362 2701 419 2789 qui
440 2700 530 2768 laesa
554 2709 588 2769 et
610 2711 763 2770 truncata
780 2705 936 2793 antiquae
959 2704 1036 2770 artis
1052 2703 1256 2770 monimenta
1272 2704 1327 2770 in·

217 2812 353 2894 tegrarc
370 2812 404 2871 et
425 2814 611 2873 restaurare
629 2816 809 2891 conantur,
835 2829 904 2876 non
926 2807 1051 2874 tamin
1073 2828 1113 2874 eo
1141 2805 1327 2891 elaborare,

218 2914 256 2972 ut
267 2929 349 2993 quas
362 2906 528 2975 habemus
546 2918 697 2976 veterum
716 2911 871 2999 reliquias
883 2935 903 2978 a
917 2909 1045 2977 mendis
1061 2909 1181 2998 quibus
1197 2908 1327 2976 obsitae

219 3018 295 3075 sunt
316 3019 458 3101 purget,
485 3033 586 3098 quam
608 3021 647 3078 ut
666 3035 773 3103 opera
791 3013 882 3104 ipsa,
908 3013 1019 3101 qualia
1041 3012 1114 3101 quis
1141 3012 1252 3078 animo
1271 3010 1327 3078 in·

218 3111 365 3178 formare
381 3112 504 3202 possit,
531 3115 700 3205 perpolita
716 3114 889 3183 exhibeatz
916 3115 1098 3205 quaemihi
1116 3114 1253 3203 quidem
1267 3112 1327 3179 in-
1398 3143 1407 3158 ·

218 3214 349 3306 geuiosi
372 3215 482 3304 potius
504 3217 637 3284 artificis
666 3216 832 3307 quaedam
856 3219 1019 3306 sollertia,
1051 3241 1153 3311 quam
1175 3216 1327 3285 officium

219 3339 293 3384 esse
316 3316 448 3384 videtur
472 3319 587 3391 critici.
639 3321 757 3411 ltaque
774 3323 807 3389 in
828 3321 897 3408 his,
925 3345 1012 3411 quae
1026 3323 1100 3413 ipse
1122 3320 1165 3387 de
1186 3317 1326 3387 Coluthi

220 3419 530 3519 carmiuedicturus
552 3446 641 3509 sum,
666 3426 931 3516 praetermittam
953 3426 1118 3517 pleraque
1137 3422 1264 3507 omnia,
1290 3421 1326 3488 in

218 3523 339 3613 quibus
356 3546 376 3589 a
393 3522 531 3592 Graelio
549 3548 626 3593 meo
641 3526 807 3595 dissentio.

321 3627 441 3701 Nonni,
469 3628 650 3717 Nonnique
664 3631 876 3711 imitatorum,
901 3629 1064 3718 inquibus
1080 3624 1243 3696 coluthus
1262 3632 1324 3714 cst,

217 3729 341 3819 partim
363 3729 475 3809 facilis⁸
492 3731 681 3799 emendatio
703 3741 770 3817 cst,
797 3734 920 3824 partim
944 3731 1108 3799 difficilis:
1141 3731 1247 3798 facilis
1271 3750 1324 3812 eo,

218 3831 312 3919 quod
329 3841 421 3900 certo
435 3834 469 3900 in
483 3833 567 3902 orbe
587 3843 620 3901 ct
634 3835 869 3903 sententiarum
888 3843 921 3901 ct
939 3835 1120 3902 verborum
1140 3842 1174 3901 et
1190 3831 1325 3900 dicendi

218 3933 397 4001 modorum
428 3937 522 4026 quasi
549 3921 853 4029 circumaguntur(
875 3937 1017 4005 difficilis
1045 3946 1188 4029 propter
1215 3957 1324 4028 genus

219 4035 523 4120 dicendiiuflatum
549 4048 583 4108 et
610 4040 846 4109 abundantiam
872 4042 1035 4109 inutilium
1059 4041 1257 4127 verborum,
1289 4037 1324 4104 iu

218 4162 286 4229 qua
301 4139 329 4207 si
347 4139 429 4228 quid
444 4151 640 4234 corruptum
658 4153 724 4228 cst,
746 4145 818 4212 fere
833 4167 919 4234 quae
933 4145 1104 4237 potuerint
1123 4143 1221 4210 scribi
1242 4163 1325 4231 per·

218 4243 323 4312 multa
345 4253 523 4312 occurrunt
545 4246 677 4335 critico,
703 4247 785 4317 latet
807 4256 938 4335 autem,
971 4247 1045 4341 pari
1068 4248 1140 4316 iure
1163 4244 1323 4328 omnium,
