2918 4890
237 303 303 368 260
369 299 425 359 ot:
447 295 686 357 ruscum
708 293 1005 355 PnOMETfluo
1027 291 1214 352 SOLVTO

238 488 330 558 muni
344 488 471 572 famae,
498 505 585 574 quae
600 482 831 574 longissimum
850 490 984 574 tempus
999 483 1034 549 iu
1052 482 1192 574 rupibus
1207 503 1347 574 pepen-

239 591 328 660 disse
351 587 594 658 Prometheum
624 585 830 653 tradidisset:
861 593 1041 673 utrumque
1071 587 1153 654 scite
1185 584 1348 654 devitavit

125 730 131 745 =
238 703 343 788 poeta
358 715 419 779 eo,
445 689 538 781 quod
562 688 605 756 de
626 688 764 756 exitioso
783 687 851 754 lovi
871 690 1039 755 connubio
1059 689 1229 780 vaticinari
1253 690 1347 757 Pro-
1443 703 1445 706 ’

104 806 108 826 ¹
239 796 430 880 metheum,
456 802 607 883 etquum
624 791 668 859 de
688 813 730 858 eo
753 791 901 881 apertius
920 791 1034 859 dicere
1057 800 1244 875 recusaret,
1269 793 1348 884 ipsa

241 922 319 968 cum
332 921 420 990 rupe
435 899 468 965 iu
491 905 651 962 tartarum
666 893 800 961 detrudi
819 893 916 980 fecit,
941 893 1127 963 rediturum
1144 894 1224 962 olim
1240 895 1274 962 in
1288 895 1346 962 lu-

240 1025 316 1071 cem
339 1001 458 1070 iisdem
472 998 584 1066 adhuc
604 997 742 1066 vinculis
758 998 982 1065 constrictum.
1035 997 1087 1064 lta
1102 999 1226 1065 iustum
1240 999 1346 1066 finem

241 1105 371 1198 accepit
386 1103 511 1187 fabula,
536 1122 648 1190 neque
661 1109 711 1168 est
726 1099 901 1189 quodiam
915 1100 1059 1192 amplius
1076 1101 1247 1190 requirant
1253 1115 1348 1192 ’'spe-

241 1216 402 1276 ctatores.
424 1205 481 1297 qui
502 1205 564 1272 etsi
578 1202 777 1271 audiverunt
796 1203 1007 1295 gravioribus
1024 1204 1105 1270 olim
1123 1204 1240 1294 poenis
1256 1203 1347 1275 affe-

242 1321 332 1379 ctum
352 1311 391 1377 in
381 1307 664 1391 Prometheum,
690 1316 803 1374 tamen
820 1329 875 1374 eae
888 1330 976 1375 nunc
992 1306 1129 1396 quidem
1143 1329 1211 1376 nou
1225 1329 1348 1400 exspe-

242 1422 350 1500 ctant,
378 1413 457 1502 quia
472 1409 598 1477 dict'um
614 1417 686 1477 erat
700 1432 731 1480 v
738 1396 833 1476 999.

341 1558 484 1692 puuqdv
503 1562 541 1635 de*
556 1561 668 1658 μῆκος
683 1556 935 1685 ἐκτελευτήσας
952 1556 1107 1659 χρόνου,

345 1665 512 1767 ἅψορῥον
527 1662 647 1761 ἥξεις
633 1691 666 1744 rc
682 1691 783 1759 φαος.

240 1823 358 1910 ltaque
385 1842 453 1886 non
477 1817 646 1886 debebam
669 1816 837 1885 dicerem
860 1816 1090 1885 dissertatione
1109 1812 1347 1908 decomposi-

240 1925 330 1992 tione
349 1923 617 2014 tetralogiarum,
644 1941 710 1987 non
726 1921 773 1987 ita
788 1920 875 1987 liniri
890 1919 1058 2005 fabulam,
1081 1927 1120 1988 ut
1136 1913 1347 2012 spectatores

242 2050 309 2094 non
332 2024 413 2113 quid
440 2046 545 2115 porro
572 2024 722 2091 futurum
750 2032 837 2091 esset
854 2023 1071 2112 requirerent.
1124 2025 1203 2090 Non
1234 2023 1347 2115 magis

242 2128 403 2196 Mercurii
416 2128 527 2218 ¹verba
547 2127 685 2195 alteram
701 2126 851 2194 fabulam
867 2149 1097 2204 successuram
1112 2149 1186 2194 esse
1200 2125 1347 2194 demon-

207 2308 209 2312 ·
242 2240 355 2304 strant.
407 2230 497 2298 Nam
515 2231 572 2298 ille
587 2229 681 2319 quod
698 2239 818 2321 rogat,
840 2252 884 2297 ne
902 2229 965 2297 sibi
979 2230 1101 2298 iterum
1115 2229 1272 2297 veniendi
1285 2251 1347 2297 ne·

243 2335 431 2403 cessitatem
451 2332 673 2400 Prometheus
699 2331 837 2421 afferat,
877 2333 1107 2413 consuetudini
1127 2331 1348 2400 tribuendum

241 2437 375 2504 videtur
401 2435 575 2502 familiaris
594 2435 765 2503 sermonis.
816 2436 959 2504 Accedit
983 2437 1076 2525 quod
1100 2436 1135 2503 in
1157 2422 1225 2503 hoc
1252 2435 1346 2502 dicto

241 2538 370 2629 aliquid
392 2537 652 2625 comminationis
676 2537 778 2624 inest,
804 2540 902 2627 quasi
926 2539 1031 2608 altera
1056 2538 1225 2632 legatione
1252 2546 1347 2606 atro-

242 2643 334 2709 ciora
365 2641 483 2727 etiam,
519 2663 622 2729 quam
644 2663 750 2727 nunc,
783 2640 1032 2712 denunciatum.
1085 2645 1131 2712 At
1157 2642 1193 2709 in
1222 2640 1346 2710 Soluto

241 2743 446 2812 Prometheo
461 2744 488 2812 si
509 2742 624 2826 rediit,
649 2743 843 2836 paciscendi
856 2745 969 2836 potius
985 2768 1101 2839 caussa
1114 2745 1252 2814 missurn
1269 2766 1346 2837 esse

242 2847 403 2915 credibile
428 2857 487 2915 est.
538 2847 600 2914 llla
622 2857 754 2931 autem,
780 2847 874 2936 quod
903 2871 971 2916 non
1000 2857 1078 2917 ante
1102 2849 1280 2916 liberatum
1304 2846 1351 2914 iri

241 2949 481 3018 Prometheum
498 2950 596 3036 dicit,
623 2972 725 3038 quam
741 2973 845 3038 quum
862 2951 944 3019 alius
958 2974 1023 3043 pro
1041 2974 1082 3020 eo
1099 2952 1183 3020 deus
1198 2951 1233 3018 in
1247 2948 1344 3020 Orco

15 3041 24 3063 ‘
123 3042 133 3053 “’
241 3052 353 3120 vivere
374 3054 535 3136 voluerit,
564 3052 726 3142 quodque
749 3053 826 3120 satis
847 3055 878 3120 ei
896 3053 1045 3122 dandum
1058 3077 1123 3147 pro
1143 3054 1241 3123 tantis
1264 3074 1347 3120 cru·

242 3155 381 3224 ciatibus
395 3155 573 3238 indicatur,
595 3178 637 3224 ex
650 3178 691 3223 eo
708 3178 835 3247 genere
848 3166 935 3242 sunt,
955 3180 997 3225 ex
1010 3181 1078 3248 quo
1092 3158 1237 3249 plurima
1249 3155 1346 3248 apud

240 3259 386 3351 tragicos
395 3259 619 3326 inveniuntur.
671 3258 796 3326 Amant
815 3260 903 3326 enim
918 3260 1030 3328 futura
1046 3260 1231 3330 secundum
1246 3280 1346 3328 com-

240 3383 377 3429 munem
390 3361 527 3446 famam,
547 3362 787 3452 potissimeque
799 3363 887 3429 circa
899 3364 1001 3430 linem
1015 3365 1216 3447 fabularum,
1237 3385 1347 3454 prae-

240 3463 363 3531 dicere.
414 3462 461 3529 Et
481 3463 524 3531 de
550 3466 676 3535 vicario
700 3465 838 3554 quidem
868 3466 1036 3557 aptissime
1057 3469 1105 3536 sic
1132 3465 1182 3534 es‘t
1202 3465 1346 3553 dictum,

240 3575 277 3634 ut
289 3564 505 3648 Prometheo,
530 3588 598 3634 non
615 3569 761 3659 speranti
776 3591 980 3659 quemquam
1001 3594 1067 3662 pro
1084 3593 1120 3640 se
1132 3569 1347 3656 moriturum,

240 3678 396 3738 aeternae
408 3690 540 3760 poenae
555 3669 712 3760 portendi
726 3670 909 3743 videantur.

342 3770 448 3856 Quod
462 3772 490 3840 si
504 3794 547 3839 ue
561 3770 614 3840 his
632 3772 768 3863 quidem
785 3775 947 3860 efficitur,
973 3783 1010 3842 ut
1024 3775 1180 3844 Solutum
1196 3775 1346 3842 Prome-

239 3873 356 3942 theum
379 3897 456 3942 cum
477 3874 598 3943 Vrncto
619 3876 814 3966 copulatum
838 3878 932 3947 credi
953 3887 1128 3969 oporteat,
1154 3879 1263 3946 solum
1282 3900 1346 3946 re·

240 3978 398 4067 linquitur
415 3977 612 4047 scholiastae
632 3978 875 4067 testimonium,
898 3981 991 4072 quod
1006 4004 1085 4049 sane
1106 4003 1148 4049 eo
1165 3981 1274 4047 minus
1288 3989 1344 4048 est

212 4079 537 4175 contemnendum,
563 4079 641 4171 quia
663 4081 783 4148 huuc
773 4105 808 4150 ιιι
826 4093 898 4151 tota
919 4083 985 4151 hac
1003 4107 1121 4152 caussa
1135 4081 1271 4170 unicum
1287 4090 1346 4151 te

189 4192 330 4266 lostam
343 4181 518 4250 habemus.
569 4182 604 4252 ls
617 4183 706 4252 adv
723 4183 810 4260 510.
824 4187 869 4254 rta
883 4188 1014 4256 scnbrt
1041 4191 1080 4260 ἐν
1096 4211 1166 4280 γαρ
1191 4185 1245 4280 τῷ
1264 4185 1347 4282 ἑξῆς

240 4277 403 4382 δράματι
424 4277 616 4372 λύειαι·”
592 4313 682 4385 οπερ
698 4283 1072 4384 ιμφαίνιιΑἰσχύλος
1124 4257 1253 4357 Inserla
1266 4288 1346 4356 for·
1419 4335 1421 4338 -
