2918 4890
365 287 368 291 “
457 273 508 335 DE
528 273 711 335 Munsvna
732 271 955 348 vrnrstvu
972 270 1021 338 dr.
1229 277 1294 342 uta

184 475 273 553 tare,
300 459 355 546 ,ἵν’
375 472 487 532 autem
523 464 744 534 confidentius
769 464 959 556 positurum
985 464 1108 552 fuisse,
1146 465 1292 534 sirecte

182 579 400 661 perspectam
424 568 595 636 habuisset
620 569 687 637 loci
712 568 799 636 illius
816 569 996 654 rationem,
1023 567 1176 639 arbitror.
1219 568 1293 637 Sed

182 672 218 739 id
245 673 325 739 alibi
352 671 541 765 explicabo.
600 672 639 739 In
665 672 753 763 epici
778 695 860 740 vero
885 680 1010 765 poetae
1042 694 1151 759 versu,
1187 671 1290 762 (Ho-

181 775 266 843 meri
292 783 405 843 autem
432 775 524 867 est,)
552 775 625 864 quis
651 798 721 843 non
747 776 876 862 statim,
914 776 972 864 qui
999 775 1146 866 aliquem
1171 775 1290 866 epico-

181 901 299 946 corum
333 880 493 949 sermonis
527 900 626 948 usum
660 877 804 968 habeat,
839 879 886 948 sic
925 879 1039 948 videat
1074 877 1290 948 scribendum

58 1028 62 1036 ·
181 1003 272 1051 653θῖ

650 1113 709 1192 ὅτ’
727 1115 895 1213 α’μείνονι
921 1117 1014 1217 φωτὶ
1038 1109 1211 1209 μάχοιτο.

179 1273 294 1361 Atque
326 1270 365 1338 id
392 1272 547 1340 distincte
580 1271 761 1364 scriptum
773 1282 905 1365 prostat
936 1274 971 1340 in
1001 1275 1060 1341 illo
1091 1295 1192 1340 versu
1219 1294 1288 1340 non

179 1375 288 1441 solum
310 1373 404 1463 apud
429 1374 645 1442 Aristotelem
665 1374 770 1446 Rhet.
798 1375 900 1444 11.’9.
925 1384 959 1443 et
983 1375 1017 1441 in
1038 1374 1126 1441 libro
1153 1375 1288 1440 devita

177 1475 340 1558 Homeri,
367 1476 425 1564 qui
443 1476 627 1544 Plutarcho
652 1476 880 1565 tribuebatur,
905 1500 943 1568 p,
961 1475 1046 1544 211.
1074 1474 1130 1548 ed.
1153 1475 1286 1546 Ernest.

103 1658 107 1667 1
178 1577 240 1645 sed
266 1578 365 1644 etiarn
391 1578 426 1644 in
448 1577 510 1644 -illo
534 1579 611 1668 ipso
637 1579 811 1646 Plutarchi
836 1580 940 1667 libro,
967 1579 1057 1646 unde
1083 1600 1162 1645 eum
1187 1577 1288 1645 affert

177 1679 398 1767 SchaeferuS,
439 1681 567 1769 aliquot
599 1681 732 1773 paginis
763 1690 857 1773 post,
893 1705 929 1775 p.
958 1680 1020 1753 36.
1048 1680 1092 1752 Α.
1128 1680 1198 1748 sive
1230 1680 1286 1748 cd.
1346 1733 1348 1739 .

176 1782 349 1873 Wyttenb.
373 1807 410 1874 p.
427 1781 512 1854 133.
564 1784 756 1852 Hinc'cum
782 1795 943 1876 recepto,
970 1786 1019 1853 uti
1045 1783 1204 1869 decebat,
1232 1779 1285 1855 ὅτ’

175 1887 313 1954 inseruit
337 1886 480 1954 Wolfius
506 1886 602 1960 Iliad.
628 1884 795 1960 xiste
856 1888 1021 1956 Videntur
1045 1886 1133 1954 haec
1155 1886 1285 1978 fugisse

176 1988 399 2057 Schaeferum
433 1990 534 2067 etiam
566 2013 671 2078 quum
703 1991 748 2058 ad
780 1991 900 2081 poesin
933 1990 1127 2083 gnomicam
1160 2012 1196 2081 p.
1221 1987 1283 2059 91.

173 2115 314 2161 manens
342 2093 376 2159 in
410 2115 471 2160 sua
497 2093 676 2181 sententia,
706 2116 848 2183 meque,
881 2095 1019 2184 opinor,
1051 2091 1165 2160 dicens
1199 2093 1283 2160 scri-
1349 2097 1353 2107 '

170 2197 260 2286 psit:
284 2203 370 2264 sunt
396 2195 457 2286 qui
476 2195 701 2288 praefracte
725 2204 882 2290 negent3
916 2219 986 2288 quo
1012 2197 1107 2280 iure,
1133 2194 1204 2287 ipsi
1229 2195 1283 2264 vi-

175 2299 320 2367 derint:
357 2305 390 2366 et
415 2321 514 2368 mort
547 2323 643 2368 nunc
678 2301 784 2369 addo
818 2322 865 2369 ex
891 2300 1040 2370 Anthol.
1068 2298 1197 2368 Palot.
1224 2297 1281 2367 ΙΙ.

167 2424 209 2495 p.
230 2401 316 2470 313.
344 2423 378 2468 n.
407 2399 470 2474 ⁹64.
503 2426 534 2472 v.
558 2401 594 2475 9.
631 2390 778 2484 ὅξοξᾶν
804 2396 951 2499 αἰτήσω.
1014 2403 1062 2472 At
1093 2401 1162 2469 hoc
1188 2401 1284 2491 quod

173 2504 269 2572 addit
295 2505 508 2597 exemplum,
535 2502 629 2594 quod
654 2507 756 2574 Lollii
780 2506 888 2574 Bassix
905 2515 972 2595 est,
993 2505 1128 2600 pridem
1155 2527 1222 2598 ego
1248 2506 1283 2573 in

173 2607 404 2676 dissertatione
440 2608 485 2676 de
518 2611 710 2702 praeceptis
747 2609 949 2700 quibusdam
979 2610 1209 2679 Atticistarum
1244 2632 1282 2700 p.

174 2711 234 2778 17.
272 2709 426 2802 (Opusc.
452 2713 520 2784 vol.
547 2713 573 2780 1.
606 2737 643 2804 p.
665 2711 764 2803 286)
799 2721 837 2780 ut
863 2722 1075 2804 corruptum,
1107 2735 1279 2780 unacum

172 2814 238 2882 alio
264 2814 443 2898 Palladae,
471 2816 579 2907 epigr.
606 2815 700 2905 137,
727 2815 764 2883 4.
789 2817 824 2883 in
849 2816 1013 2884 Brunckii
1038 2815 1138 2887 Anal.
1173 2815 1218 2887 T.
1235 2815 1280 2887 11.

170 2941 206 3010 p.
232 2915 319 2985 436.
350 2917 619 3010 repudiaveram.
677 2921 716 2987 ln
741 2919 903 2988 Palladae
936 2919 1074 3010 quidem
1107 2918 1280 3012 epigram-

170 3029 261 3089 mate
286 3021 478 3090 Brunckius
505 3046 547 3091 ex
572 3023 726 3092 Planude
752 3023 913 3092 dederat:
1124 3028 1126 3032 ’

273 3171 363 3274 μηδ’
377 3173 423 3248 ἄν
447 3170 677 3273 Ἰσοκρᾶτεος
699 3171 983 3274 ρητορικῶτερος
1003 3172 1035 3272 ᾗ.

171 3327 244 3398 Sed
266 3329 376 3397 codex
397 3328 579 3397 Vaticanus
606 3329 800 3399 emendate:

273 3478 360 3583 μηδ’
372 3448 439 3556 Ιὅτ’
457 3482 502 3557 eir
529 3475 762 3579 Ἰσοκράτους
785 3474 1069 3586 §propendemus
1092 3479 1124 3579 ἦ.

169 3617 289 3728 Itaque
311 3637 357 3706 ad
382 3637 492 3706 solum
521 3636 650 3706 redacti
671 3660 782 3706 sumus
812 3635 958 3704 Lollium
984 3633 1146 3722 Bassum,
1183 3635 1276 3703 cuius

168 3742 204 3809 in
236 3742 501 3834 epigrammate,
539 3741 634 3831 quod
667 3740 762 3834 apud
797 3737 1007 3808 Brunckium
1032 3761 1172 3806 numero
1204 3747 1276 3806 ter-

169 3846 252 3912 tium
287 3855 338 3913 est
376 3845 419 3913 T.
446 3845 488 3918 Π.
532 3869 568 3936 p.
591 3842 667 3915 160
699 3867 770 3934 seq.
804 3845 967 3937 scriptum
996 3841 1079 3908 illud
1111 3843 1145 3910 in
1176 3865 1276 3909 anum

119 3999 122 4005 -
169 3949 324 4026 surdam,
360 3971 448 4038 quae
487 3948 653 4038 quidquid
687 3947 882 4034 mandatum
918 3952 1007 4015 essct
1039 3954 1276 4038 exsequeretur

168 4042 435 4146 perversissime,
460 4051 546 4122 haec
571 4054 744 4146 legunturz
884 4089 886 4094 ·
