3210 5040
290 371 341 456 nn⁸
629 359 685 422 ou
722 361 995 422 rtunrcvtt
1017 356 1064 425 tv

292 553 407 646 Saepe
419 571 501 620 vero
517 552 618 620 etiam
635 548 681 618 ad
696 515 925 642 praeteritum,
952 549 1116 619 eiusmodi
1131 551 1281 640 quidem,
1309 553 1404 643 quod

292 657 539 726 diuturnitatem
555 655 702 744 aliquam
721 654 777 721 vel
790 653 1027 744 repetitionem
1041 653 1121 722 facti
1137 657 1294 728 continet.
1327 657 1403 726 Hc-

291 761 430 830 rodotus
446 758 472 826 t
491 755 553 826 68.
573 753 597 854 ἦ
614 782 680 829 νου
695 754 756 844 σίν,
783 752 813 828 ui
828 761 917 838 ξεῖνε
931 747 1080 844 Λαίναν,
1108 759 1208 854 εἴπερ
1225 756 1315 840 εἶδες
1330 754 1403 832 τοί-

292 889 359 959 περ
378 853 463 954 ἐμοί,
487 853 604 954 ιιοίρτα
623 857 669 930 ἄν
691 851 907 950 ἐθαύμαζες.
961 858 1127 930 thracus
1152 883 1262 930 esses.
1314 863 1403 931 Vide

292 990 368 1058 cap.
383 963 470 1031 166.
495 957 632 1032 11125.
658 960 698 1029 V.
715 960 776 1028 48.
802 961 893 1028 vill.
910 959 969 1029 36.
995 963 1169 1055 Aristoph.
1186 966 1276 1032 Nub.
1293 963 1403 1038 1656.

292 1066 468 1159 Antiphon
494 1090 529 1157 p.
544 1061 630 1132 625.
653 1061 741 1136 644.
765 1059 852 1134 645.
875 1061 962 1132 688.
989 1063 1075 1136 616.
1099 1065 1187 1139 618.
1207 1066 1293 1136 621.
1316 1067 1402 1141 633.

293 1171 381 1242 634.
422 1167 609 1238 Dinarchus
635 1190 671 1259 p.
704 1167 762 1237 16.
801 1167 979 1260 Lycurgus
1003 1191 1038 1258 p.
1072 1167 1160 1242 166.
1208 1171 1403 1241 Andocides

293 1299 331 1371 p.
346 1272 408 1346 12.
425 1265 487 1344 56.
513 1271 626 1339 Isaeus
641 1294 679 1361 p.
694 1267 757 1342 53.
784 1269 903 1360 Lysias
923 1293 960 1362 p.
978 1269 1063 1342 161.

396 1374 723 1466 Plusquumperfecti
742 1395 810 1440 non
833 1373 977 1441 obscura
1000 1375 1085 1440 ratio
1108 1382 1167 1441 est
1219 1375 1404 1444 Aeschines

291 1482 327 1548 in
339 1477 490 1569 ctesiph
506 1501 544 1568 p.
561 1475 648 1548 643.
667 1499 693 1542 s.
719 1475 778 1546 καί
798 1477 874 1546 ίσαι
899 1481 939 1547 αἱ
959 1477 1077 1571 ψῆφοι
1096 1472 1197 1571 αὐτῷ
1218 1480 1403 1570 ἐγένοντο·

294 1582 382 1655 εἰδὲ
398 1581 468 1671 μία
490 1574 607 1671 μόνον
627 1579 842 1670 μετέπεσεν,
869 1573 1089 1676 ὑπερώριστ’
1113 1577 1181 1666 ἄν,
1208 1579 1232 1675 ἢ
1255 1577 1404 1654 uiuidu-

292 1712 365 1758 νεν.
399 1681 576 1774 Antiphon
601 1704 638 1773 p.
665 1677 753 1752 689.
782 1679 903 1771 εἰμὲν
925 1675 995 1775 γοίρ
1019 1674 1092 1754 sind
1111 1681 1185 1754 τοῖν
1208 1683 1352 1780 πληγῶν
1382 1683 1404 1758 ὁ

294 1780 386 1883 οίνήρ
412 1784 636 1882 παραχρῆμα
658 1779 861 1866 ἀπέθανεν,
887 1779 953 1854 ὑπ’
978 1783 1072 1874 ε’μοίιΙ
1095 1785 1175 1875 με’ν,
1202 1785 1345 1866 δικαίως
1368 1783 1405 1858 δ’

295 1889 341 1961 ἄν
366 1880 562 1982 ἐτεθνήκει.
586 1884 781 1956 Andocides
801 1909 838 1976 p.
862 1881 925 1958 45.
953 1887 988 1958 εἰ
1007 1879 1078 1979 γαρ
1104 1881 1234 1981 ἢλθεν,
1268 1885 1405 1962 ἐδέδετ’

295 1991 341 2064 σίν
356 1995 394 2063 ἐν
411 1990 463 2084 τῷ
479 1984 578 2084 ξύλῳ.
602 1987 780 2060 Demosth.
794 2011 860 2078 pro
877 2010 947 2061 eor.
969 2011 1005 2080 p.
1022 1987 1108 2073 242,
1127 1987 1162 2062 6.
1191 1989 1268 2062 ἐπεὶ
1286 1985 1348 2064 διά
1365 2019 1407 2084 με

297 2092 389 2186 ὑμᾶς
404 2085 537 2170 αιίτοιίς
551 2085 663 2166 πάλαι
686 2089 732 2163 ἄν
748 2084 978 2164 α’πολοίλειτε.
1031 2093 1082 2158 lta
1105 2091 1206 2165 codd.
1233 2103 1268 2160 et
1287 2117 1406 2186 gram-

295 2196 433 2265 maticus
456 2196 492 2262 in
511 2195 663 2263 Behheri
677 2193 808 2266 Anecd.
826 2193 871 2266 T.
889 2194 916 2267 1.
940 2217 974 2286 p.
1000 2191 1086 2280 126,
1109 2193 1169 2268 33.
1188 2198 1278 2264 Nam
1299 2221 1406 2288 prava

295 2298 518 2389 quorumdam
533 2299 696 2367 librorum
710 2297 875 2386 scriptura
890 2289 1114 2383 ἀπολώλατε,
1123 2321 1225 2386 quam
1239 2298 1406 2368 Matthiae

294 2404 328 2470 in
344 2425 397 2494 gr.
421 2401 483 2474 Gr.
508 2395 546 2495 §.
563 2400 651 2486 569,
673 2397 709 2471 5.
726 2400 760 2470 h.
783 2422 849 2489 pro
865 2401 1012 2492 genuina
1036 2398 1196 2484 habebat,
1222 2401 1339 2472 addito
1360 2401 1406 2476 σίν

295 2506 375 2573 ferri
395 2504 488 2572 nulio
504 2505 607 2571 modo
622 2511 746 2594 potest.
798 2502 851 2570 Ac
870 2503 925 2569 vel
940 2502 1034 2594 apud
1049 2503 1264 2572 scholiastum
1283 2506 1407 2574 Aristi-

296 2608 346 2676 dis
369 2606 415 2678 T.
441 2605 484 2677 11.
508 2629 545 2696 p.
577 2604 661 2678 143.
687 2625 789 2694 quem
818 2605 932 2672 locum
962 2605 1157 2675 Lobeckins
1185 2606 1231 2675 ad
1264 2609 1408 2678 Aiacem

294 2733 332 2802 p.
356 2703 444 2783 235.
460 2708 632 2792 adhibuit,
659 2700 798 2804 εἰλήφει
824 2707 870 2780 οἳν
883 2707 976 2777 haud
999 2718 1194 2778 cunctanter
1216 2733 1282 2806 pro
1311 2712 1407 2810 εἴλη-

297 2839 364 2908 φεν
389 2811 435 2886 οίν
455 2814 576 2905 reponi
603 2811 761 2883 debehat.
820 2811 897 2879 Alia
916 2813 1239 2903 plusquamperfecti
1262 2837 1339 2882 cum
1360 2813 1408 2888 σίν

296 2916 461 2985 οοπίππε6
477 2917 632 3009 exempla
650 2914 744 3006 apud
759 2913 1026 2984 Demosthenem
1040 2925 1169 2984 exstant
1184 2940 1221 3007 p.
1239 2914 1327 3004 652,
1343 2915 1404 2989 21.

294 3016 383 3104 666,
401 3018 462 3092 26.
482 3017 570 3106 666,
592 3017 652 3093 12.
678 3015 765 3102 686,
787 3015 847 3090 26.
872 3016 959 3103 626,
981 3017 1042 3090 26.
1070 3013 1159 3107 855,
1176 3018 1237 3093 26.
1266 3019 1404 3108 866,1.

295 3119 384 3214 886,
404 3120 466 3196 26.
493 3120 581 3207 661,
601 3119 662 3194 ll.
688 3117 775 3206 916,
793 3119 853 3193 16.
882 3119 1072 3204 1618,14.

396 3224 548 3292 Aoristus
564 3225 764 3316 plerumque
781 3223 825 3292 dc
840 3225 1024 3315 praeterito
1041 3233 1196 3317 tempore
1212 3232 1404 3318 usurpatur,

204 3371 208 3376 -
294 3336 331 3396 ut
345 3349 402 3420 ap.
418 3327 592 3420 Aristoph.
608 3329 696 3399 Ran.
714 3324 800 3399 632.

814 3495 910 3569 οἶσιν
934 3491 958 3590 ἡ
984 3489 1087 3578 πόλις
1111 3497 1255 3593 προτοῦ

398 3595 482 3674 οὐδὲ
509 3593 758 3698 φαρμάκοισιν
784 3599 862 3696 εἰκῇ
886 3593 1016 3696 ῥᾳδίως
1040 3593 1215 3697 ἐχρήσατ’
1242 3597 1297 3670 ἄν.

296 3771 411 3856 Quum
425 3795 507 3840 vero
523 3771 568 3838 ad
586 3793 746 3862 praesens
768 3780 901 3861 tempus
923 3769 1087 3856 retertur,
1104 3780 1167 3838 'est
1189 3769 1273 3837 iilud
1298 3770 1342 3836 de
1363 3793 1405 3839 eo

295 3875 390 3964 quod
404 3877 470 3943 cito
487 3875 661 3968 perficitur
680 3873 945 3966 intelligendum.
997 3873 1049 3940 lta
1075 3873 1168 3964 apud
1194 3871 1404 3964 Sophoclem

295 3975 384 4050 Oed.
402 3977 447 4050 R.
470 3977 582 4051 1438.
605 4000 709 4069 quum
726 3974 882 4067 Oedipus
903 3975 1055 4060 dixisset,
1079 3969 1190 4075 ῥῖψόν
1208 4001 1257 4068 με
1282 3973 1344 4070 γῆς
1368 3980 1405 4050 ἐκ

294 4075 388 4176 tried*
410 4076 497 4153 ὅσον
523 4075 691 4170 τοίχιστα,
720 4078 835 4149 Creon
850 4079 1052 4172 respondet:

344 4245 470 4346 ἔδραο’
495 4247 565 4340 ἅν,
593 4245 635 4325 εὖ
659 4245 765 4325 τοῦτ’
791 4245 874 4322 ἴσθ’
900 4247 965 4337 ἄν,
992 4252 1025 4324 εἰ
1048 4243 1104 4344 μή
1128 4248 1321 4324 occidenti

342 4345 523 4446 πρώτιστ’
549 4355 695 4450 ἔχρῃζον
720 4357 897 4447 ἐκμαθεῖν
921 4352 961 4427 τί
985 4355 1176 4451 πρακτέον.
