2918 4890
311 276 317 285 '
448 293 963 358 orssrararro=
1110 332 1111 336 κ
1175 301 1240 366 ms

141 487 204 554 iste
219 485 336 577 opinio
349 483 473 553 debeat
487 480 662 552 efficiatur.
673 527 688 537 -«
715 483 832 568 Quare
850 502 917 552 non
934 485 1017 553 libet
1035 485 1089 554 his
1115 466 1237 556 immo-

141 583 217 657 rari.
270 589 457 680 Regiones,
480 608 563 677 quas
579 585 770 677 Aeschylus
786 597 967 677 memorat,
993 593 1161 685 communi
1175 615 1237 660 an-

142 691 302 780 tiquitatis
322 688 478 783 opinione
503 689 547 757 ad
570 690 847 782 septemtrionem*
867 699 901 757 et
919 690 1130 760 occidentem
1156 695 1238 762 sitae

12 864 14 868 ,
143 803 254 862 erant=
281 815 336 862 eas
352 793 524 883 Aeschylo
539 793 575 860 in
587 794 749 860 orientem
764 814 871 881 usque
887 791 1089 885 adbibyam
1103 797 1238 865 extendi

142 898 229 965 visas
243 918 315 964 esse
338 889 461 984 si'quis
480 896 643 990 eiusmodi
663 896 867 988 argumentis
893 897 1089 981 ostenderit,
1116 900 1238 988 quibus

141 998 331 1093 permoveri
354 999 483 1090 possint
503 999 542 1084 ii,
569 991 709 1088 quince
731 999 864 1066 levitate
883 1021 924 1066 ea
947 1009 1024 1067 sunt
1043 1010 1080 1068 nt
1092 1002 1239 1070 incredi-

142 1104 221 1170 bilia
243 1101 399 1184 credent‚
425 1124 488 1170 nec
507 1101 692 1169 temeritate
708 1111 800 1168 tanta
814 1114 852 1168 ut
874 1124 962 1191 quae
981 1102 1053 1170 lieri
1070 1115 1239 1194 nequeunt

141 1207 216 1273 fleri
235 1205 354 1287 velint,
378 1205 406 1273 is
430 1204 567 1273 demum
587 1205 721 1289 vicerit,
742 1205 806 1271 iter
822 1204 905 1271 illud
920 1227 988 1272 non
1005 1224 1069 1297 per
1085 1228 1162 1274 oras
1176 1209 1238 1276 sub

141 1308 309 1398 Aquilone
322 1318 357 1376 et
371 1329 495 1376 occasu
514 1309 591 1376 solis
604 1308 748 1375 iacentes
760 1307 794 1372 in
811 1307 1026 1398 Aethiopiam
1043 1319 1145 1399 atque
1159 1309 1239 1378 hinc

141 1410 176 1478 in
198 1411 344 1501 Libyam
373 1411 515 1479 deflecti.
567 1409 608 1478 ld
633 1410 736 1502 igitur
760 1407 967 1478 demonstret
992 1420 1147 1501 oportet,
1182 1413 1239 1502 qui

142 1514 341 1604 fragmentis
357 1514 437 1600 illis,
464 1512 644 1603 dequibus
658 1533 738 1579 mox
753 1511 899 1599 dicetur,
925 1536 993 1581 non
1007 1514 1120 1581 locum
1137 1515 1240 1584 fuisse
1329 1570 1331 1574 .

139 1617 176 1704 in
190 1617 312 1684 Vincto
325 1616 529 1684 Prometheo
542 1617 633 1684 volet
640 1602 827 1686 ostendere.
853 1616 997 1684 Accedit
1010 1616 1113 1703 quod,
1134 1640 1239 1708 quum

141 1719 224 1786 Attii
245 1719 484 1803 Prometheus,
510 1728 548 1787 ut
569 1740 672 1810 supra
692 1717 835 1803 dictum,
861 1740 929 1786 non
955 1742 997 1787 ex
1017 1719 1137 1788 Soluto
1151 1722 1238 1790 Pro-

140 1820 277 1889 metheo
301 1845 477 1914 expressus
493 1821 611 1907 fuerit,
644 1819 726 1906 sed,
759 1820 917 1908 quonism
941 1821 1149 1911 Aeschylum
1174 1824 1235 1892 ad-

50 1934 52 1941 '
140 1924 322 1992 mirabatur
343 1925 464 2014 Attius,
490 1947 532 1993 ex
545 1924 668 1992 Vincto
682 1932 833 2013 sumptus
850 1924 1012 2011 videatur,
1037 1947 1152 1993 versus
1170 1929 1237 2013 ille,

141 2028 198 2116 qui
214 2028 302 2095 solus
317 2050 360 2095 ex
375 2051 416 2095 ea
436 2026 612 2119 tragoedia
627 2032 796 2116 superest,
822 2024 960 2094 mirifice
977 2028 1129 2095 cumillis
1145 2030 1238 2120 apud

142 2130 309 2197 Galenum
323 2130 516 2222 fragmentis
530 2128 709 2219 conspirat.
761 2126 823 2193 Est
839 2137 950 2196 antem
963 2128 1030 2212 hic,
1057 2130 1149 2220 apud
1163 2135 1237 2198 No-

109 2291 110 2294 ,
140 2235 231 2300 nium
249 2255 280 2299 v.
296 2233 405 2324 gelos
426 2256 461 2322 p.
484 2229 576 2316 208,
602 2231 637 2298 1.
664 2234 699 2298 et
715 2229 920 2298 Priscianum
944 2232 1001 2299 vl.
1018 2254 1054 2321 p.
1077 2229 1161 2302 685.
1179 2236 1237 2322 qui

78 2370 80 2374 ·
142 2343 218 2404 tom
231 2334 369 2404 omittit:

306 2497 382 2558 tum
390 2484 737 2581 profusosflominc
754 2484 904 2554 hiberno
920 2487 1038 2578 gelus.

140 2641 206 2709 vix
219 2641 307 2709 enim
324 2640 416 2710 credi
430 2649 554 2733 potest
579 2639 649 2708 hoc
662 2634 790 2709 Attium
804 2639 956 2732 posuisse
969 2661 1034 2730 pro
1047 2641 1157 2708 verbis
1171 2662 1235 2732 pa·
1352 2694 1355 2704 .

139 2768 214 2812 rum
232 2745 401 2831 similibus,
427 2743 515 2832 quae
530 2742 625 2834 apud
641 2743 847 2833 Aeschylum
860 2751 936 2808 sunt
950 2763 980 2810 r.
998 2741 1057 2809 lt.
1072 2752 1129 2809 aut
1146 2741 1233 2818 992.

243 2846 315 2916 Sed
340 2843 519 2914 doendum
540 2854 591 2914 est
611 2847 711 2914 etiam
737 2845 783 2914 de
802 2845 907 2912 altera
927 2845 1095 2916 sententia
1147 2847 1235 2915 Nam
1292 2920 1294 2925 ,

141 2973 245 3040 quum
262 2950 386 3018 Strabo
408 2972 450 3018 eo
471 2949 567 3035 loco,
594 2971 664 3038 qno
682 2970 820 3040 pugnae
835 2945 990 3014 Herculis
1007 2968 1084 3014 cum
1099 2947 1235 3040 Liguri-

139 3055 203 3120 bus
220 3076 261 3120 ex
274 3052 446 3145 Aeschylo
464 3052 667 3121 mentionem
680 3052 779 3141 facit,
804 3059 920 3119 ventos
940 3049 1234 3140 impetuosissimos

142 3165 381 3223 commemoret
404 3155 461 3244 qui
481 3178 557 3224 eam
581 3155 757 3247 regionem
777 3152 938 3244 perflant,
972 3153 1235 3244 eorumdemque

141 3267 316 3324 ventorum
332 3259 380 3325 vis
395 3258 429 3324 in
442 3257 636 3349 fragmentis
650 3255 712 3323 illis
727 3254 819 3346 apud
833 3254 1001 3322 Galenum
1018 3254 1236 3342 describatur,
1289 3294 1291 3298 ·
1388 3270 1391 3279 '

141 3358 313 3427 fatendum
331 3369 381 3426 est
392 3369 461 3426 tam
475 3361 564 3427 bene
580 3359 667 3426 haec
683 3356 891 3449 congruere,
917 3367 955 3425 ut
968 3359 1102 3425 minime
1121 3359 1236 3450 inepta

141 3463 184 3531 sit
198 3463 388 3529 coniectura
404 3484 539 3544 eornm,
566 3462 623 3551 qui
632 3461 825 3552 fragmenta
843 3459 905 3527 ista
918 3459 963 3526 ad
978 3455 1134 3545 Solutum
1147 3463 1235 3530 Pro-

140 3565 311 3633 metheum
328 3565 504 3632 referenda
515 3574 722 3645 censuerunt.
747 3561 901 3630 Manebit
917 3563 1018 3659 igitur
1028 3564 1239 3657 ambiguum,

141 3692 183 3737 ex
197 3679 271 3734 utra
284 3669 347 3736 sint
362 3667 477 3734 fabula
498 3666 621 3758 petito,
648 3664 756 3735 donec
774 3674 831 3732 aut
845 3662 935 3732 aliud
952 3656 1124 3756 repertum
1137 3666 1235 3735 fuerit

140 3773 383 3853 testimonium,
415 3781 473 3838 ant
502 3767 696 3838 ostendatur
717 3793 737 3838 a
758 3769 880 3843 Vmcto
904 3759 1234 3864 esseubi'udicanda.

141 3873 212 3943 Sed
227 3874 304 3940 volo
325 3874 391 3941 iam
407 3874 482 3964 ipsa
497 3870 637 3959 efferre,
661 3883 843 3964 postquam
860 3871 1070 3961 adscripsero
1087 3895 1173 3960 quac
1190 3874 1234 3942 de
1259 3934 1263 3943 .

140 3977 243 4044 ventis
258 3977 319 4044 illis
333 3976 457 4044 Strabo
470 4001 508 4068 p.
522 3974 606 4044 182.
632 3975 753 4052 refert:
778 3971 901 4046 ἅπασα
919 3973 986 4064 μὲν
1004 3969 1068 4044 οὖν
1082 3972 1104 4068 ἡ
1119 3972 1230 4069 ὑπερ·
1257 3990 1262 4008 ’

140 4081 284 4174 κειμένη
305 4071 402 4171 χιδρα
427 4071 645 4174 ιιρσςήιεμδς
667 4081 765 4165 ἐστι,
795 4067 1038 4170 διαφερόντως
1060 4072 1103 4175 δ’
1120 4079 1168 4155 εἰς
1189 4071 1234 4148 τό

141 4180 264 4253 ordior
287 4181 399 4253 τοῦτο
424 4174 694 4276 μιλαμβόριιοκ
715 4177 913 4271 καταιγίζιι
936 4177 1078 4268 πνεῦμα
1110 4179 1233 4268 βίαιοι

140 4282 198 4354 καὶ
219 4285 400 4378 φρικῶδες.
429 4282 618 4378 osolymis
633 4276 811 4379 σύρεσθαι
826 4279 885 4352 καὶ
899 4285 1145 4353 κυλινδεῖσθαι
1161 4283 1233 4352 τῶν
1248 4364 1251 4371 ¹

699 4437 705 4450 .
890 4400 1027 4467 wsa
