2918 4890
205 289 272 353 166
363 303 366 317 “
548 287 608 349 DE
642 287 920 351 PARTICVLA
941 284 987 353 ὔν

198 478 254 548 sic
277 501 351 547 esse
372 476 646 570 intelligendam,
673 480 710 550 εἴ
726 505 823 559 τινος
843 480 991 578 φέροιεν
1000 534 1015 570 ,
1043 473 1109 554 δῦο
1126 508 1168 574 χι
1186 477 1231 555 οὔ
1247 481 1317 576 φέ-

111 602 114 618 ’
206 609 327 680 pocta,
354 581 437 650 illud
453 591 565 650 autem
580 582 676 652 Iliad.
696 611 730 654 α.
749 581 836 651 271.

722 733 874 807 κείνοισι
891 729 927 808 δ’
944 733 991 807 cia
1007 732 1108 817 οὔτις

255 835 349 928 scia,
376 842 417 909 οἳ
428 837 494 911 caio
507 834 638 930 βροτοὶ
651 835 740 911 εἰσὶν
753 832 984 928 ἐπιχθόνιοι,
1009 841 1207 931 μαχέοιτο,

204 1016 272 1062 non
288 990 438 1084 potuisse
458 990 580 1058 omissa
603 990 769 1083 particula
790 990 889 1075 dici„
901 991 981 1080 quia
995 992 1042 1059 sic
1060 1001 1117 1059 aut
1131 991 1200 1060 hoc
1217 992 1315 1083 cogi-
1445 1032 1449 1036 -

203 1105 340 1181 sareon,
368 1096 405 1166 εἴ
421 1119 478 1174 τις
494 1087 667 1185 μάχοιτο,
693 1091 793 1174 οὔτις
810 1087 970 1186 μάχοιτο
994 1093 1156 1175 ἐκείνοις,
1186 1105 1243 1163 aut
1258 1095 1315 1164 hic

203 1222 317 1270 sensus
334 1195 506 1289 prodiret,
532 1197 570 1268 οἴ
587 1224 643 1278 τις
661 1190 821 1289 μάχοιτο
838 1193 985 1276 ἐκείνοις
990 1227 1004 1285 ,·
1032 1195 1132 1278 οὔτις
1153 1192 1313 1289 μάχοιτο

203 1301 372 1388 ἐκείνοις,
398 1322 500 1369 nemo
516 1322 585 1367 nou
598 1300 691 1368 videt
703 1300 751 1368 ito
771 1299 978 1391 disputatum
994 1323 1091 1385 esse,
1117 1310 1173 1386 ut,
1199 1301 1315 1393 prouti
1400 1370 1403 1375 ,

203 1407 278 1497 quis
297 1404 394 1488 velit,
421 1410 479 1469 aut
497 1425 538 1469 en
550 1402 664 1493 priore
680 1404 757 1470 loco
775 1402 1003 1471 demonstrare
1018 1405 1135 1495 possit,
1161 1404 1314 1472 inaltero
1350 1479 1357 1498 ³

203 1507 384 1578 delendam
401 1529 475 1573 esse
491 1505 709 1597 particulam,
734 1514 793 1573 aut
814 1528 856 1573 ex
870 1507 1020 1575 secundo
1034 1509 1113 1574 loco
1134 1508 1313 1576 ostendere

202 1604 395 1683 addendam
401 1608 542 1677 fuissein
550 1608 675 1699 priore.
701 1610 790 1677 Nam
797 1609 827 1677 si
842 1609 962 1676 eodem
971 1611 1087 1699 modo,
1103 1632 1172 1700 quo
1186 1611 1313 1679 dehoc

201 1713 389 1810 posteriore
401 1713 479 1779 loco
494 1711 616 1800 statuit,
640 1713 793 1804 priorem
804 1712 1017 1803 interpretari
1031 1713 1201 1800 volemus,
1228 1714 1311 1782 duas

200 1818 584 1908 habebimusperversas
592 1815 780 1906 sententias,
795 1816 1161 1912 autsi‘awccps'ooaecn,
1175 1814 1313 1897 οὔτινος

202 1922 360 2019 φέροιεν,
373 1921 472 1992 οπιιὶ
484 1910 549 1991 δῦο
562 1944 603 2010 χο
612 1919 771 2014 φέροιτο,
788 1913 833 1990 οὔ
842 1909 953 2011 δῦοχε
963 1921 1125 2015 φέροιεν·
1138 1920 1312 2011 sinposte-

200 2027 324 2095 riorem
333 2024 446 2090 locum
456 2043 498 2089 eo
511 2019 628 2108 modo,
655 2044 724 2110 quo
738 2021 782 2089 de
796 2021 910 2112 priore
924 2023 1031 2108 sentit,
1058 2023 1311 2114 explicabimus,

173 2131 178 2140 '
200 2137 293 2198 recte
301 2127 357 2195 ille
364 2125 556 2210 sehabebit,
572 2120 817 2215 evanescetque
826 2147 929 2214 quam
937 2127 1116 2194 omissione
1126 2127 1311 2217 particulae

199 2232 291 2302 nasci
301 2237 400 2323 putat
412 2227 684 2320 perversitatem:
707 2230 744 2300 οἵ
754 2254 809 2307 τις
827 2221 987 2319 μάχοιτο
1003 2226 1169 2308 inclamo,
1197 2227 1311 2310 οὔτις

199 2334 274 2410 acia
289 2333 353 2406 ιῦι
373 2325 543 2424 μάχοιτο.
597 2329 668 2399 cor
691 2332 780 2398 enim
800 2352 905 2420 quum
921 2331 956 2397 in
970 2331 1076 2398 altero
1095 2331 1172 2399 loco
1187 2340 1311 2423 urgeat
1386 2336 1388 2345 ’

199 2437 351 2530 additum
368 2432 600 2524 praedicatum
618 2426 684 2505 δῦο
705 2461 766 2526 χι,
792 2432 867 2519 hic,
893 2433 953 2500 ubi
968 2434 1120 2502 additum
1143 2443 1193 2502 est
1209 2436 1310 2503 etiam

199 2537 453 2633 significantium
486 2534 560 2608 τῦι
584 2539 625 2610 οἳ
641 2535 706 2607 οὔτ
724 2533 855 2630 βροτοὶ
875 2534 963 2607 εἰσὶν
987 2530 1218 2626 ι’πιχθόιιοιζ
1243 2561 1309 2630 pro

198 2666 268 2712 non
291 2639 407 2710 addito
429 2638 559 2707 habet?
584 2637 740 2730 Denique
760 2636 842 2731 quid
863 2637 986 2727 talibus
1006 2641 1085 2732 liet,
1116 2641 1217 2730 quale
1239 2641 1309 2710 hoc

198 2755 269 2836 est,
295 2743 392 2814 Iliad.
412 2771 449 2841 φ.
469 2741 556 2816 274.
1247 2750 1251 2756 ’

719 2896 846 2971 ἔπειτα
862 2891 1027 2970 diuolsa
1045 2887 1209 2988 πάθοιμι
1216 2923 1231 2989 ,·

199 3048 302 3136 Quod
319 3071 361 3118 ex
376 3047 481 3141 ipsius
495 3055 682 3140 praecepto
695 3070 801 3137 quum
820 3049 874 3118 sic·
885 3048 1174 3140 interpretandum
1190 3049 1247 3136 sit,
1275 3050 1313 3120 εἴ
1412 3062 1420 3076 ‘

198 3182 237 3226 τι
257 3148 443 3243 πάθοιμι,
469 3145 633 3243 πάθοιμί
651 3179 709 3236 τι,
735 3151 817 3242 quid
832 3152 868 3219 id
883 3151 974 3219 aliud
994 3160 1062 3239 est,
1090 3175 1191 3241 quam
1214 3151 1308 3241 quod

197 3255 232 3324 in
263 3255 417 3323 omnibus
443 3253 624 3322 verborum
650 3255 760 3324 modis
782 3256 896 3324 locum
919 3254 1048 3323 habet?
1083 3256 1174 3322 Nam
1206 3257 1308 3323 etiam

197 3351 323 3449 πάσχω
347 3357 429 3448 quid
449 3356 540 3426 aliud
563 3366 613 3426 est
633 3380 736 3448 qnam
751 3351 875 3449 πάσχω
895 3360 930 3430 εἰ
944 3351 1097 3446 πάσχωῖ
1118 3358 1237 3448 ltaque
1260 3359 1307 3426 sic

195 3463 308 3556 potius
339 3460 592 3528 enstimandum
618 3471 684 3549 est,
721 3463 811 3531 nudo
839 3461 988 3554 optativo
1012 3461 1207 3552 opinionem
1235 3462 1307 3529 sine

197 3565 405 3651 conditione,
432 3565 582 3655 optativo
597 3587 674 3631 cum
687 3566 851 3656 particula
865 3563 910 3636 ἄν
927 3572 1039 3632 aulem
1053 3586 1249 3655 suspensam
1265 3587 1307 3632 ex

197 3668 387 3737 conditione
401 3667 514 3756 aliqua
526 3666 718 3759 opinionem
735 3669 927 3760 significari.
978 3667 1188 3756 quuevidit
1206 3667 1307 3735 etiam

194 3769 360 3839 Matthiae
373 3770 418 3839 ad
431 3770 548 3861 Eurip.
561 3769 705 3861 Hippol.
720 3769 807 3842 468.
840 3772 953 3860 Atque
967 3771 1025 3838 illa
1042 3771 1179 3860 quidem
1194 3771 1306 3838 forma

195 3873 284 3968 epici
299 3875 508 3966 potissimum
523 3882 598 3942 suut
612 3873 675 3946 usi.
729 3873 898 3943 Homerus
914 3872 983 3946 Od.
995 3902 1028 3966 y.
1049 3872 1137 3944 231.

224 4024 227 4030 ’
245 4031 326 4125 ῥεῖα
343 4022 430 4108 θοός
442 4022 480 4121 χ’
493 4027 630 4101 ἐθέλων
645 4023 705 4099 καὶ
720 4019 879 4124 anteluca
894 4024 1010 4124 dadon
1027 4020 1177 4100 οαῦοαι.

160 4167 162 4173 ’
193 4181 283 4250 Vide
309 4180 437 4249 ibidem
463 4177 550 4253 319.
578 4189 607 4262 ξ.
634 4177 719 4247 122.
745 4207 781 4251 π.
812 4176 1189 4254 386.ΙΙίο(1.ιι.246.
1216 4173 1303 4246 556.
1363 4200 1365 4205 ’
1423 4239 1426 4246 .

158 4368 163 4377 s
195 4311 225 4358 ο.
244 4280 306 4359 45.
326 4282 410 4353 197.
437 4310 471 4355 τ.
491 4280 578 4356 321.
607 4311 644 4379 φ.
665 4282 753 4358 274.
781 4311 817 4356 ω.
839 4283 926 4358 213.
960 4285 1038 4353 Duo
1052 4285 1151 4353 huius
1169 4283 1303 4376 generis
