2918 4890
424 278 715 342 menmremvn
738 277 849 340 utens
870 278 1025 344 uulnus,
1210 269 1275 350 eoa

174 471 276 561 longe
305 491 326 535 a
352 467 432 536 sede
458 467 599 535 nominis
626 466 677 535 sui
709 467 764 536 vel
794 465 1000 558 pronominis
1026 479 1271 559 removeantur,

173 594 337 662 nusquam
378 594 445 640 non
482 578 596 664 potest
630 592 672 638 ex
706 570 805 638 totius
840 569 995 638 orationis
1030 574 1272 664 compositione

93 751 97 758 ⁸
173 675 333 767 pendere.
391 674 438 742 Et
468 673 526 742 hic
557 673 695 764 quidem
728 679 821 761 οἵτε,
855 673 935 763 quia
963 669 1028 764 per
1052 675 1271 766 significatio-

174 801 251 847 nem
278 800 371 846 suam
396 799 464 845 non
489 784 604 869 potest
628 775 673 845 ad
701 773 808 871 opis,
844 775 905 845 sed
933 776 1037 845 debet
1070 776 1115 845 ad
1146 773 1271 874 ἡρώων

174 881 311 971 referri,
337 905 358 949 a
386 904 442 949 me
476 888 665 948 correctum
697 901 770 961 csse
802 880 837 947 in
863 879 1077 947 adnotatione
1102 880 1147 948 ad
1173 883 1271 951 istum

175 1007 308 1052 versum
338 980 505 1051 dixeram:
539 989 580 1054 οἴ
606 1010 644 1055 es
670 991 781 1050 autem
813 1005 878 1074 per
902 982 1083 1051 sententiae
1108 985 1272 1054 rationem

174 1087 360 1172 necessario
394 1087 439 1155 ad
466 1084 552 1179 opio
583 1086 772 1176 pertinere,
807 1108 871 1154 nec
901 1085 1087 1176 quidquam
1118 1088 1321 1164 obscuri-22

37 1207 42 1223 ¹
175 1190 310 1275 tatisiu
331 1213 384 1273 ¹ea
412 1189 664 1279 constructione
696 1211 788 1276 esse,
832 1211 900 1256 non
931 1189 1093 1282 putabam
1126 1191 1270 1260 demon-

137 1368 144 1386 ,
176 1293 333 1362 stratione
358 1293 521 1385 indigere.
574 1291 666 1376 Quin
691 1314 733 1360 eo
754 1291 862 1360 minus
886 1293 920 1360 in
945 1292 1003 1383 illa
1028 1296 1272 1364 constructione

175 1407 232 1464 aut
250 1397 325 1464 falsi
351 1396 534 1486 quidquam
557 1403 614 1462 aut
639 1394 773 1463 obscuri
798 1417 887 1483 esse,
921 1395 1017 1486 quod
1042 1396 1160 1466 abesse
1187 1397 1272 1493 σφὶν

174 1500 258 1568 illud
279 1500 371 1569 salva
396 1500 557 1581 sententia
587 1507 723 1591 posset3
760 1497 912 1567 additum
945 1522 1017 1567 esse
1049 1501 1137 1568 enim
1163 1524 1203 1568 ea
1228 1501 1272 1568 fi-

174 1628 278 1697 gura,
305 1626 372 1692 qua
387 1604 557 1671 Homerus
583 1602 717 1670 dixisset
741 1607 783 1674 οἴ
801 1628 866 1692 μιν
892 1599 981 1701 ἅδην
1007 1595 1165 1692 ἑλόωσιν,
1181 1601 1272 1678 Ἕκ-

100 1739 104 1762 ¹
175 1734 269 1803 τορα
297 1706 517 1810 Πριαμίδην.
578 1705 683 1791 Quod
708 1713 820 1773 autem
852 1705 927 1795 ipse
956 1705 1130 1787 suaderet,
1161 1709 1198 1779 εἴ
1218 1735 1272 1800 ys,

175 1833 243 1878 non
274 1807 378 1878 modo
411 1834 432 1878 a
466 1831 619 1892 sermone
654 1809 752 1900 epieo
785 1808 930 1876 alienum
967 1831 1041 1878 esse
1072 1809 1280 1896 iudicabam,

74 1985 75 1994 ,
176 1913 317 1982 sedhic
343 1913 763 2010 neproptersententiam
790 1911 927 2001 quidem
946 1911 1027 1981 ferri
1051 1936 1168 2004 posse,
1196 1913 1275 2004 quia
1327 2000 1330 2006 ι

92 2094 97 2104 ,
175 2027 309 2109 tempus
328 2016 487 2104 indicari,
521 2038 588 2084 non
620 2016 762 2107 simplex
790 2015 971 2106 significari
995 2015 1141 2084 conditio
1167 2015 1274 2085 debe-

175 2129 237 2189 ret.
298 2119 403 2205 Quod
434 2120 460 2188 si
492 2118 707 2187 conditionali
738 2117 904 2210 particula
933 2117 982 2186 uti
1006 2119 1164 2188 voluisset
1189 2121 1274 2189 scri-

175 2232 270 2316 ptor,
298 2222 466 2291 dicturum
482 2221 669 2291 necessario
691 2221 794 2289 fuisse
811 2218 856 2318 ἢν
873 2222 1066 2316 popiciaci.

278 2361 387 2428 XXX
422 2361 460 2428 P.
479 2358 541 2432 21.
567 2357 860 2452 „Erfurdtiusf‘
881 2357 1006 2447 inquit,
1032 2357 1142 2446 „milri
1156 2358 1274 2450 signi-

138 2502 141 2507 ·
165 2461 324 2559 ficavit,
358 2464 412 2533 ud
440 2463 596 2532 condem
617 2484 786 2532 normam
809 2458 939 2552 Antig.
965 2460 1011 2529 in.
1042 2459 1276 2531 scribendum

177 2587 257 2635 esse
288 2562 344 2661 ἆρ’
365 2561 469 2638 οἷσθ’
483 2562 544 2638 ὅτι
570 2559 661 2646 Zedc
685 2592 715 2636 κ.
743 2592 775 2636 e.
803 2570 834 2638 λ.
870 2571 1031 2632 ceterum
1063 2563 1161 2655 hunc
1191 2587 1276 2634 ver-

177 2668 306 2738 borum
331 2677 562 2738 structurum
586 2668 721 2738 miram
742 2665 811 2735 sibi
839 2666 1013 2736 accidere
1042 2666 1277 2742 Hermanno-

151 2795 247 2865 que
283 2771 404 2841 videri
443 2769 588 2841 duabus
628 2794 673 2841 ex
709 2767 1038 2840 constructionibus
1073 2768 1276 2865 coeptatam

178 2898 266 2946 esse.
319 2875 379 2945 De
397 2875 551 2944 lectione
574 2874 612 2944 ia
635 2873 851 2967 Sophocleis
876 2873 1076 2943 assentior:
1102 2873 1150 2943 de
1173 2882 1275 2944 stro-

66 2999 69 3007 ’
179 2968 310 3049 cturue
334 2978 528 3065 insolentia
554 3001 602 3046 oc
626 2974 903 3072 uacoonpener'q,
928 2997 1000 3046 non
1025 2975 1120 3047 item.
1167 2972 1275 3050 Οἶσθ

179 3079 240 3155 ὅτι
272 3081 310 3151 in
333 3081 525 3176 Antigona
550 3104 623 3150 non
640 3089 733 3172 puto
759 3079 865 3148 aliud
890 3099 1103 3172 essequam
1127 3078 1276 3148 notissi·

178 3206 279 3253 mam
317 3185 424 3257 illam
459 3182 753 3274 creberrimoque
790 3204 860 3251 usu
892 3181 1023 3251 tritum
1053 3181 1276 3276 formulam,

181 3309 291 3380 quom
318 3287 459 3358 Graeci
484 3288 648 3380 reliquae
681 3283 840 3355 orationi
864 3286 1096 3378 παρενθέτως
1121 3286 1277 3356 interse-

180 3399 284 3475 runt,
316 3391 479 3461 iunctam
511 3390 571 3459 iric
604 3412 686 3460 cum
713 3387 907 3481 particula
936 3382 1051 3482 oipo.“
1102 3389 1141 3457 Si
1173 3390 1278 3458 verba

179 3493 237 3561 illa
269 3515 335 3584 pro
367 3494 597 3590 παρενθέτως
627 3493 743 3585 positis
777 3492 1024 3581 acciperentur,
1062 3491 1192 3582 reliqua
1219 3491 1277 3560 de·

180 3598 263 3664 bere
280 3597 352 3664 sola
369 3619 434 3689 per
451 3619 488 3663 se
501 3596 642 3689 intelligi
656 3617 759 3689 posse
779 3594 950 3664 dicebam:
976 3595 1069 3684 atqui
1085 3617 1154 3664 uon
1167 3617 1277 3686 posse.

181 3699 240 3768 Sic
262 3701 351 3767 enim
369 3697 577 3791 Sophocles:

234 3830 291 3930 ἄρ’
308 3830 412 3908 οἷσθ’
426 3831 487 3908 ὅτι
501 3827 592 3914 Zetis
611 3832 684 3906 coir
701 3827 768 3906 ἀπ’
786 3829 941 3916 Οἰδίπου
966 3824 1082 3904 κακῶ)

120 4031 124 4040 ι
233 3933 362 4010 ὁποῖον
386 3936 469 4028 οὐχὶ
494 3936 565 4032 opii
592 3937 648 4010 ἔτι
674 3933 805 4022 ζώσαιν
830 3939 928 4007 τελεῖ
935 3961 949 4025 ,·

285 4074 410 4146 XXXI.
455 4074 494 4145 P.
517 4071 578 4142 94.
619 4073 654 4141 in
674 4072 906 4142 adnotatione:
945 4067 1013 4155 „E
1038 4064 1280 4140 contrariod'

184 4184 328 4262 natum,
370 4177 517 4272 opinor,
560 4199 606 4246 eu
638 4169 766 4246 littero
792 4203 812 4249 o
837 4173 875 4244 in
902 4171 1079 4265 Aeschyli
1114 4171 1220 4240 Pers.
1245 4195 1279 4245 v.

185 4277 271 4352 191.
299 4282 356 4352 ed.
385 4278 544 4352 Benaci.
582 4279 642 4374 qui
674 4280 795 4366 locos,
836 4287 877 4348 et
903 4275 1092 4372 primaria
1121 4274 1282 4346 Atossae
