2918 4890
167 253 211 316 88
486 248 569 312 ”DE
602 247 876 311 unnutcvnt
899 247 944 314 riv

168 438 274 538 γικῆς.
327 438 494 511 Omittnnt
508 440 600 532 prius
615 438 660 514 clu
677 441 817 511 membr.
830 441 931 509 Bodl.
951 448 985 508 et
996 448 1062 510 tres
1080 464 1100 509 c
1113 443 1280 514 tredecim

170 544 270 614 codd.
291 543 453 618 Bekkeri.
503 543 609 635 Apud
629 543 843 611 Herodotum
869 544 895 612 1.
924 543 985 612 93.
1009 546 1112 636 vulgo
1133 552 1167 627 ἐς
1187 539 1211 619 δ’
1232 549 1282 620 ἄν

171 641 436 742 συνοικήσουσι.
488 647 560 716 Sed
584 646 723 736 quidam
745 646 846 718 codd.
868 656 906 716 ut
928 646 1101 719 Werferus
1124 651 1281 719 scriben-

170 748 252 817 dum
264 751 410 836 monuit,
437 743 683 842 συνοικήσωσι.
1095 739 1099 747 “

272 852 379 936 Quod
401 853 429 920 si
445 873 609 920 summam
622 851 763 939 horum,
791 873 877 940 qnae
898 850 1159 947 disputavimus,
1186 844 1280 945 pau-

171 954 217 1022 cis
242 957 395 1022 volumus
421 954 727 1045 comprehendere,
761 956 808 1023 sic
828 955 890 1022 erit
911 955 1141 1024 statuendumz
1166 957 1281 1048 primo

170 1056 276 1126 videri
296 1056 348 1129 ἄν
362 1059 507 1125 construi
527 1080 628 1148 posse
652 1080 730 1125 cum
750 1058 864 1126 futuro
881 1059 915 1124 in
932 1059 1120 1126 narratione
1135 1061 1184 1126 rei
1204 1060 1280 1126 for-

170 1161 290 1243 tuitae3
320 1161 442 1228 deinde
464 1161 620 1252 coniungi
642 1184 718 1228 cum
743 1184 802 1245 eo,
836 1160 897 1227 sed
920 1184 988 1229 non
1007 1170 1043 1228 ut
1067 1161 1108 1228 sit
1130 1171 1280 1229 constru-

171 1273 281 1353 ctum,
314 1286 437 1355 posse,
470 1264 529 1330 ubi
555 1264 721 1354 pertineat
751 1262 794 1329 ad
828 1264 926 1330 aliam
952 1264 1141 1352 notionem,
1175 1287 1282 1354 quam

171 1367 306 1456 quaein
326 1366 420 1441 verbi
440 1365 554 1432 futuro
575 1365 677 1445 inest,
705 1364 890 1433 dummodo
912 1389 952 1433 ea
972 1367 1046 1434 talis
1062 1367 1119 1452 sit,
1146 1375 1184 1433 nt
1204 1368 1281 1459 ipsa

170 1494 235 1563 per
247 1493 284 1538 se
300 1469 351 1537 rei
367 1467 524 1536 {ortuitae
538 1490 579 1536 ac
593 1466 717 1538 dubiae
732 1468 937 1538 notationem
950 1479 1029 1561 apte
1041 1469 1190 1563 recipiat.
1217 1473 1220 1478 ’

698 1689 757 1758 lx,
810 1734 812 1740 .

190 1911 192 1915 Ι
297 1822 569 1900 Decio-cum
594 1824 857 1898 indicativo
873 1827 1156 1921 praeseutia.

164 2023 170 2030 -
275 1977 390 2073 Magis
411 2005 513 2071 quam
536 1981 656 2068 futuri,
682 1983 866 2072 praesentis
889 1981 1058 2048 indicativi
1078 1982 1280 2050 conetructio

94 2128 97 2134 ,
174 2105 252 2151 cum
268 2085 434 2176 particula
458 2084 504 2157 ἂν
526 2094 740 2153 controversa
765 2092 827 2152 est.
875 2084 964 2151 Eam
988 2085 1144 2151 tuebatur
1168 2085 1280 2152 Brun·

174 2185 284 2272 clrim,
311 2210 413 2276 quem
426 2188 504 2256 vide
521 2188 566 2256 ad
581 2187 753 2279 Aristoph.
779 2188 866 2258 Plut.
881 2185 967 2255 885.
984 2188 1048 2276 Ε(].
1064 2186 1176 2254 1131.
1190 2188 1278 2258 Ach.
1370 2227 1374 2237 ·

171 2287 259 2358 813.
293 2291 432 2382 Negant
452 2290 676 2381 grammatici:
711 2290 755 2357 de
775 2291 897 2379 quibus
920 2312 1024 2380 snpra
1050 2288 1188 2358 dictum.
1240 2290 1280 2358 Si

172 2414 241 2482 qua
258 2401 309 2459 est
323 2394 426 2476 ratio,
452 2415 519 2480 qna
540 2391 586 2464 civ
610 2414 687 2458 cum
711 2393 894 2483 praesentis
917 2394 1096 2460 indicativo
1120 2392 1281 2484 coniungi

170 2495 299 2586 possit,
324 2517 392 2562 non
413 2504 528 2585 potest
550 2495 615 2561 alia
644 2517 737 2582 esse,
764 2517 866 2584 quam
893 2494 1019 2588 duplex
1046 2494 1119 2582 illa,
1145 2495 1190 2564 de
1211 2517 1280 2585 qua

171 2595 277 2664 modo
291 2596 325 2663 in
340 2597 442 2664 futuri
456 2597 677 2689 explicatione
699 2596 900 2668 dictumest.
952 2596 1023 2667 Sed
1043 2598 1079 2666 in
1098 2599 1167 2667 hoc
1190 2620 1280 2688 qno·

174 2723 242 2790 que
275 2722 401 2801 genere
435 2725 560 2794 magna
586 2724 666 2792 pars
697 2701 928 2792 exemplorum
958 2710 1116 2792 corrupta
1145 2710 1212 2787 est,
1246 2709 1281 2767 et

173 2825 276 2893 saepe
311 2803 448 2892 quidem
486 2805 701 2873 metricorum
732 2804 911 2890 industria,
960 2803 1140 2892 aliquando
1180 2803 1281 2870 etiam

174 2905 365 2998 criticorum
385 2908 551 2997 imperitia
567 2908 816 2998 grammaticae.
866 2907 934 2991 Qui
951 2927 1081 2975 errores
1099 2905 1204 2973 hodie
1225 2907 1280 2973 vel

173 3008 295 3076 sublati
308 3016 392 3095 sunt,
413 3009 468 3076 vel
481 3009 645 3077 removeri
658 3032 679 3075 a
693 3010 809 3096 quovis
822 3019 971 3098 possunt.
1001 3008 1089 3077 Vide
1105 3009 1278 3099 Aristoph.

172 3111 261 3179 Plut.
283 3107 370 3180 883.
394 3111 485 3179 Nub.
511 3106 597 3179 395.
621 3111 708 3181 Rau.
728 3109 840 3182 1421.
860 3111 948 3180 Ach.
970 3106 1056 3179 151.
1080 3112 1144 3180 Ar.
1167 3110 1278 3193 1669.
1402 3098 1406 3106 ’

172 3210 276 3303 Vesp.
294 3211 379 3283 343.
396 3213 535 3282 Thesm.
552 3212 613 3282 99.
641 3213 779 3282 Stobaei
796 3215 905 3283 Serm.
920 3215 981 3285 lll.
1004 3209 1064 3282 15.
1085 3238 1120 3306 p.
1135 3212 1196 3300 44,
1218 3212 1279 3281 14.

171 3315 215 3384 V.
230 3312 290 3389 61.
303 3339 338 3406 p.
356 3312 418 3401 69,
435 3313 470 3386 8.
494 3316 586 3385 XCI.
604 3314 665 3383 24.
679 3339 714 3407 p.
730 3313 817 3398 593,
835 3313 894 3384 20.
921 3316 1041 3386 cvlll.
1057 3312 1118 3386 59.
1139 3341 1177 3408 p.
1191 3311 1280 3402 511,

172 3416 234 3490 19.
253 3418 367 3504 CXX.
390 3415 449 3485 39.
475 3419 596 3511 Eclog.
617 3419 643 3486 l.
666 3417 700 3486 8.
723 3444 758 3512 p.
780 3415 865 3487 126.
898 3419 1070 3511 Euripidis
1091 3441 1225 3487 versum
1246 3420 1280 3485 in

72 3572 74 3577 ,
170 3519 227 3586 El.
243 3518 354 3592 1121.
371 3522 510 3615 egregia
525 3520 758 3591 emendatione
770 3521 898 3592 sanarit
911 3521 959 3590 lo.
974 3523 1045 3590 Vlr.
1058 3521 1178 3608 Faesi,
1203 3521 1280 3590 Tu-

172 3643 324 3693 ricensis:

340 3772 448 3876 dpqic3
475 3772 536 3851 ἄν’
552 3772 601 3850 αὖ
615 3770 660 3852 ori
674 3780 841 3873 ζωπυρεῖς
855 3775 945 3874 ἄλγη
960 3777 1041 3851 νέα·

172 3931 194 3999 i.
210 3953 239 3998 e.
258 3923 506 4025 ἀναζωπυρεῖς.
562 3931 660 4016 Quae
685 3928 852 3999 Matthiae
875 3930 909 3996 in
925 3952 977 4020 gr.
995 3929 1056 3998 Gr.
1081 3925 1116 4025 ἓ.
1141 3925 1228 3998 598.
1249 3954 1280 4001 r.

172 4032 297 4116 attulit,
332 4030 442 4098 aliena
467 4041 559 4120 sunt,
589 4041 725 4125 praeter
745 4032 892 4100 Platonis
917 4032 1030 4100 locum
1049 4034 1084 4101 in
1104 4033 1213 4101 Alcib.
1236 4032 1279 4100 11.

174 4159 210 4228 p.
224 4133 360 4203 14211.
376 4134 434 4201 ubi
447 4156 536 4202 nunc
550 4137 638 4226 γοῦν
653 4157 719 4225 pro
735 4131 770 4227 γ’
786 4133 831 4205 ἄν
845 4135 1038 4206 restitutum.
1061 4136 1167 4226 Apud
1183 4157 1282 4203 eum-

175 4238 255 4306 dem
274 4238 317 4307 de
335 4237 446 4330 Legg.
462 4235 497 4304 1.
518 4236 577 4305 14.
596 4261 633 4332 p.
650 4235 737 4326 641,
749 4236 791 4308 A.
813 4246 904 4307 recte
917 4238 1047 4322 Aetius,
1074 4233 1136 4336 ἆρ’
1156 4234 1200 4311 οὐ
1220 4237 1281 4309 καὶ
1327 4240 1330 4245 ’
