2918 4890
181 1301 184 1305 ·
223 1286 322 1373 nn
344 1282 752 1374 onnnlcvnn
782 1288 837 1364 a„
864 1282 1051 1372 mom
1080 1286 1218 1404 ruo

627 1548 834 1562 m

419 1711 1028 1812 u1nnnrn1nus

698 1903 725 1975 1.

267 2053 333 2122 De
355 2053 920 2151 origincparticularum
945 2050 998 2125 civ
1023 2060 1066 2121 et
1090 2053 1177 2126 κε’νρ

171 2202 245 2309 De
270 2262 331 2308 usu
358 2244 599 2332 particularum
621 2243 668 2318 civ
698 2252 732 2313 et
755 2243 815 2316 κέν
839 2241 901 2312 etsi
921 2233 1074 2309 a'multis
1096 2247 1146 2307 est
1173 2249 1274 2330 atque

172 2342 369 2411 doctissimis
386 2346 461 2415 uiris
476 2349 531 2416 rel
544 2347 725 2441 separatim
742 2348 797 2415 rel
812 2347 871 2416 ubi
889 2345 1022 2413 occasio
1035 2343 1139 2411 ferret
1157 2342 1273 2435 dispu-

171 2441 297 2530 tatum,
323 2457 434 2531 tamen
450 2449 536 2520 haec
550 2463 620 2520 tam
633 2452 829 2520 inexhausta
841 2449 980 2518 materia
1006 2457 1074 2535 est,
1099 2455 1137 2514 ut
1163 2469 1274 2538 neque

171 2549 302 2617 illinon
318 2560 375 2618 aut
393 2557 677 2644 praetermiserint
696 2556 810 2640 multa,
836 2554 900 2621 alia
921 2561 1034 2619 autem
1054 2550 1163 2618 minus
1182 2560 1273 2620 recte

172 2653 407 2743 explicuerint,
434 2678 517 2747 nec,
544 2659 658 2749 siquis
678 2658 790 2726 denuo
811 2656 848 2723 id
861 2655 989 2747 'negotii
1007 2654 1179 2744 suscipiat,
1205 2677 1274 2722 non

47 2828 52 2838 ¹
170 2755 261 2822 idem
275 2757 338 2824 sibi
348 2780 483 2847 quoque
499 2772 695 2829 eventurum
709 2760 832 2843 videat,
858 2758 1056 2849 praesertim
1065 2777 1167 2844 quum
1181 2756 1273 2824 diffi-

172 2858 277 2926 cultas
299 2860 349 2927 rei
372 2861 570 2932 immensum
597 2873 758 2955 quantum
779 2871 942 2953 augeatur
964 2859 1124 2926 'codicum
1147 2858 1274 2927 discre-

171 2963 285 3053 pantia
307 2972 340 3030 et
364 2969 588 3058 corruptione.
639 2967 743 3052 Quod
769 2966 796 3033 si
816 2987 882 3057 ego
899 2964 941 3031 E.
961 2963 1006 3030 H.
1025 2961 1185 3043 Barkeri,
1213 2961 1274 3029 viri

48 3069 53 3078 “
171 3056 255 3130 milri
273 3066 481 3154 amicissimi,
507 3080 630 3163 rogatu
644 3070 768 3137 adduci
782 3092 837 3135 rne
855 3089 971 3159 passus
990 3088 1080 3147 sum,
1105 3074 1143 3132 ut
1163 3063 1273 3132 dehis

171 3167 340 3259 particulis
354 3172 546 3258 scriberem,
563 3198 604 3242 ea
614 3174 649 3241 id
664 3180 776 3241 tinente
790 3171 866 3256 feci,
890 3179 927 3237 ut
939 3169 1045 3260 magis
1055 3167 1274 3235 fundamenta

171 3270 280 3360 iacere
299 3270 481 3360 doctrinae,
507 3300 575 3366 qua
588 3277 709 3344 harum
726 3275 810 3342 ratio
831 3273 1069 3364 particularum
1091 3271 1274 3338 continere-

171 3381 243 3458 tur,
272 3397 373 3462 quam
390 3378 511 3462 omnia,
538 3402 625 3469 quae
646 3375 856 3471 explananda
871 3398 943 3444 esse
957 3374 1188 3466 intelligerem,
1213 3396 1273 3440 ac·
1381 3459 1386 3468 Ι

173 3485 285 3545 curate
314 3488 521 3569 pertractare
545 3482 630 3551 milri
656 3501 894 3574 proponerem.
945 3477 1159 3566 Quamquam
1185 3476 1273 3544 enim

174 3669 384 3687 Ἢ

254 3781 292 3865 *l
336 3784 417 3845 Editi
443 3795 514 3847 aunt
535 3787 632 3866 primo
652 3787 685 3847 in
710 3785 803 3846 Diarii
827 3781 951 3843 Classici
978 3778 1079 3843 fascic.
1099 3779 1224 3838 LXVIII
1231 3811 1274 3826 -

171 3867 292 3931 txxu.
315 3890 342 3930 a.
368 3875 460 3937 1826.
484 3872 575 3939 1827.
595 3873 702 3933 deinde
721 3873 753 3931 in
774 3869 906 3930 editione
927 3863 1105 3926 Londinenai
1126 3861 1273 3922 Thesauri

164 3953 374 4032 stephanioni.
418 3956 579 4036 Opuaoulia
598 3957 681 4018 hisce
701 3957 831 4017 incerere
846 3953 1000 4013 volueram
1015 3948 1116 4008 multia
1136 3948 1167 4008 in
1181 3947 1281 4026 parti·

170 4037 226 4098 bus
243 4049 347 4099 auctos
363 4051 452 4122 atque
469 4063 506 4102 ex
524 4044 648 4103 materia
670 4063 758 4121 quam
781 4040 852 4101 satia
874 4037 1003 4118 amplam
1023 4043 1158 4114 paratam
1178 4031 1272 4091 habeo

170 4123 386 4204 locupletatam
417 4126 470 4188 aed
489 4128 539 4188 ubi
558 4128 689 4210 comperi
710 4126 843 4188 certatim
859 4122 941 4204 typis
960 4122 1121 4201 repetitum
1136 4116 1273 4212 in'illam

171 4207 330 4270 editionem
349 4210 511 4290 Thesauri,
533 4213 627 4274 abieci
644 4213 705 4274 hoc
722 4211 896 4288 consilium,
918 4227 957 4269 no
971 4207 1038 4287 quia
1050 4224 1116 4264 mea
1130 4222 1221 4283 opera
1241 4220 1272 4258 m

169 4292 226 4355 iata
241 4296 438 4360 aemulatione
453 4298 638 4362 abuteretur.

989 4391 1066 4462 Aa
