<?xml version="1.0" encoding="UTF-8"?>
<!DOCTYPE html PUBLIC "-//W3C//DTD XHTML 1.0 Transitional//EN"
    "http://www.w3.org/TR/xhtml1/DTD/xhtml1-transitional.dtd">
<html xmlns="http://www.w3.org/1999/xhtml" xml:lang="en" lang="en">
 <head>
  <title>
</title>
<meta http-equiv="Content-Type" content="text/html;charset=utf-8" />
  <meta name='ocr-system' content='tesseract 3.04.00' />
  <meta name='ocr-capabilities' content='ocr_page ocr_carea ocr_par ocr_line ocrx_word'/>
</head>
<body>
  <div class='ocr_page' id='page_1' title='image "./opuscula10hermgoog/opuscula10hermgoog_0118.png"; bbox 0 0 2918 4890; ppageno 0'>
   <div class='ocr_carea' id='block_1_1' title="bbox 506 325 1245 402">
    <p class='ocr_par' dir='ltr' id='par_1_1' title="bbox 506 325 1245 402">
     <span class='ocr_line' id='line_1_1' title="bbox 506 325 1245 402; baseline 0.015 -15"><span class='ocrx_word' id='word_1_1' title='bbox 506 325 599 391; x_wconf 77' lang='lat' dir='ltr'>ula.</span> <span class='ocrx_word' id='word_1_2' title='bbox 621 327 659 392; x_wconf 91' lang='grc' dir='ltr'>ΙΙ.</span> <span class='ocrx_word' id='word_1_3' title='bbox 703 325 803 390; x_wconf 73' lang='grc' dir='ltr'><strong><em>(ΞΔΡ.</em></strong></span> <span class='ocrx_word' id='word_1_4' title='bbox 823 330 855 392; x_wconf 83' lang='grc'>8.</span> <span class='ocrx_word' id='word_1_5' title='bbox 1180 336 1245 402; x_wconf 75' lang='lat' dir='ltr'>lot</span> 
     </span>
    </p>
   </div>
   <div class='ocr_carea' id='block_1_2' title="bbox 128 513 1247 1022">
    <p class='ocr_par' dir='ltr' id='par_1_2' title="bbox 128 513 1247 1022">
     <span class='ocr_line' id='line_1_2' title="bbox 130 513 1245 603; baseline 0.004 -17"><span class='ocrx_word' id='word_1_6' title='bbox 130 516 299 587; x_wconf 77' lang='lat' dir='ltr'>caeterae</span> <span class='ocrx_word' id='word_1_7' title='bbox 318 513 478 583; x_wconf 86' lang='lat' dir='ltr'>lectiones</span> <span class='ocrx_word' id='word_1_8' title='bbox 496 515 663 585; x_wconf 82' lang='lat' dir='ltr'>debentur</span> <span class='ocrx_word' id='word_1_9' title='bbox 683 517 940 589; x_wconf 80' lang='lat' dir='ltr'>correctoribus.</span> <span class='ocrx_word' id='word_1_10' title='bbox 975 516 1081 603; x_wconf 82' lang='lat' dir='ltr'>Quod</span> <span class='ocrx_word' id='word_1_11' title='bbox 1101 521 1128 589; x_wconf 82' lang='lat' dir='ltr'>si</span> <span class='ocrx_word' id='word_1_12' title='bbox 1150 544 1245 591; x_wconf 91' lang='lat' dir='ltr'>com-</span> 
     </span>
     <span class='ocr_line' id='line_1_3' title="bbox 128 618 1246 719; baseline 0.01 -31"><span class='ocrx_word' id='word_1_13' title='bbox 128 643 254 712; x_wconf 84' lang='lat' dir='ltr'>parare</span> <span class='ocrx_word' id='word_1_14' title='bbox 273 619 346 709; x_wconf 90' lang='lat' dir='ltr'>quis</span> <span class='ocrx_word' id='word_1_15' title='bbox 362 619 454 713; x_wconf 83' lang='lat' dir='ltr'>volet</span> <span class='ocrx_word' id='word_1_16' title='bbox 478 621 654 711; x_wconf 83' lang='lat' dir='ltr'>exempla,</span> <span class='ocrx_word' id='word_1_17' title='bbox 679 621 715 688; x_wconf 91' lang='lat' dir='ltr'>in</span> <span class='ocrx_word' id='word_1_18' title='bbox 729 621 850 710; x_wconf 89' lang='lat' dir='ltr'>quibus</span> <span class='ocrx_word' id='word_1_19' title='bbox 874 618 959 714; x_wconf 76' lang='grc' dir='ltr'><strong><em>πρὶν</em></strong></span> <span class='ocrx_word' id='word_1_20' title='bbox 982 622 1091 690; x_wconf 84' lang='lat' dir='ltr'>solum</span> <span class='ocrx_word' id='word_1_21' title='bbox 1111 633 1145 691; x_wconf 93' lang='lat' dir='ltr'>et</span> <span class='ocrx_word' id='word_1_22' title='bbox 1162 626 1246 719; x_wconf 73' lang='lat' dir='ltr'>aspir</span> 
     </span>
     <span class='ocr_line' id='line_1_4' title="bbox 131 722 1247 816; baseline 0.006 -26"><span class='ocrx_word' id='word_1_23' title='bbox 131 724 180 796; x_wconf 76' lang='grc' dir='ltr'><strong><em>ἄν</em></strong></span> <span class='ocrx_word' id='word_1_24' title='bbox 200 722 293 815; x_wconf 91' lang='lat' dir='ltr'>apud</span> <span class='ocrx_word' id='word_1_25' title='bbox 312 723 460 815; x_wconf 82' lang='lat' dir='ltr'>tragicos</span> <span class='ocrx_word' id='word_1_26' title='bbox 484 731 518 791; x_wconf 88' lang='lat' dir='ltr'>et</span> <span class='ocrx_word' id='word_1_27' title='bbox 536 722 799 814; x_wconf 73' lang='lat' dir='ltr'>Aristophanem</span> <span class='ocrx_word' id='word_1_28' title='bbox 821 725 998 816; x_wconf 81' lang='lat' dir='ltr'>leguntur,</span> <span class='ocrx_word' id='word_1_29' title='bbox 1023 747 1111 813; x_wconf 91' lang='lat' dir='ltr'>quae</span> <span class='ocrx_word' id='word_1_30' title='bbox 1129 727 1247 796; x_wconf 82' lang='lat' dir='ltr'>sedulo</span> 
     </span>
     <span class='ocr_line' id='line_1_5' title="bbox 130 825 1247 919; baseline 0.004 -25"><span class='ocrx_word' id='word_1_31' title='bbox 130 835 249 894; x_wconf 82' lang='lat' dir='ltr'>notata</span> <span class='ocrx_word' id='word_1_32' title='bbox 265 825 360 894; x_wconf 82' lang='lat' dir='ltr'>dedit</span> <span class='ocrx_word' id='word_1_33' title='bbox 374 825 554 894; x_wconf 76' lang='lat' dir='ltr'>Elmsleius</span> <span class='ocrx_word' id='word_1_34' title='bbox 568 826 613 894; x_wconf 92' lang='lat' dir='ltr'>ad</span> <span class='ocrx_word' id='word_1_35' title='bbox 631 825 793 895; x_wconf 84' lang='lat' dir='ltr'>Medeam</span> <span class='ocrx_word' id='word_1_36' title='bbox 814 850 851 919; x_wconf 86' lang='lat' dir='ltr'>p.</span> <span class='ocrx_word' id='word_1_37' title='bbox 870 825 956 919; x_wconf 79' lang='lat'>119.</span> <span class='ocrx_word' id='word_1_38' title='bbox 973 827 1073 896; x_wconf 86' lang='lat' dir='ltr'>facile</span> <span class='ocrx_word' id='word_1_39' title='bbox 1094 831 1247 899; x_wconf 90' lang='lat' dir='ltr'>animad-</span> 
     </span>
     <span class='ocr_line' id='line_1_6' title="bbox 132 927 1244 1022; baseline 0.007 -25"><span class='ocrx_word' id='word_1_40' title='bbox 132 939 252 1017; x_wconf 86' lang='lat' dir='ltr'>vertet,</span> <span class='ocrx_word' id='word_1_41' title='bbox 278 930 338 997; x_wconf 93' lang='lat' dir='ltr'>ubi</span> <span class='ocrx_word' id='word_1_42' title='bbox 355 927 401 1000; x_wconf 85' lang='grc' dir='ltr'><strong><em>άν</em></strong></span> <span class='ocrx_word' id='word_1_43' title='bbox 416 928 568 998; x_wconf 89' lang='lat' dir='ltr'>additum</span> <span class='ocrx_word' id='word_1_44' title='bbox 582 938 645 1020; x_wconf 86' lang='lat' dir='ltr'>est,</span> <span class='ocrx_word' id='word_1_45' title='bbox 672 953 806 1022; x_wconf 81' lang='lat' dir='ltr'>semper</span> <span class='ocrx_word' id='word_1_46' title='bbox 822 929 948 1019; x_wconf 88' lang='lat' dir='ltr'>aliquid</span> <span class='ocrx_word' id='word_1_47' title='bbox 964 932 1080 1000; x_wconf 87' lang='lat' dir='ltr'>incerti</span> <span class='ocrx_word' id='word_1_48' title='bbox 1096 935 1244 1006; x_wconf 85' lang='lat' dir='ltr'>subesse.</span> 
     </span>
    </p>
   </div>
   <div class='ocr_carea' id='block_1_3' title="bbox 96 1029 1238 1228">
    <p class='ocr_par' dir='ltr' id='par_1_3' title="bbox 96 1029 1238 1228">
     <span class='ocr_line' id='line_1_7' title="bbox 96 1029 1238 1210; baseline 0.004 -110"><span class='ocrx_word' id='word_1_49' title='bbox 96 1103 99 1107; x_wconf 75' lang='grc'><strong><em>,</em></strong></span> <span class='ocrx_word' id='word_1_50' title='bbox 131 1055 165 1101; x_wconf 83' lang='lat' dir='ltr'>v.</span> <span class='ocrx_word' id='word_1_51' title='bbox 187 1031 507 1210; x_wconf 58' lang='grc' dir='ltr'><strong><em>ρὸθίιιΑΒσρλισσλίε</em></strong></span> <span class='ocrx_word' id='word_1_52' title='bbox 540 1029 702 1125; x_wconf 72' lang='grc' dir='ltr'><strong><em>Ἀχαιῶν</em></strong></span> <span class='ocrx_word' id='word_1_53' title='bbox 737 1031 897 1128; x_wconf 80' lang='grc' dir='ltr'><strong><em>συλλόγῳ</em></strong></span> <span class='ocrx_word' id='word_1_54' title='bbox 928 1057 983 1127; x_wconf 92' lang='lat' dir='ltr'>ap.</span> <span class='ocrx_word' id='word_1_55' title='bbox 1014 1035 1138 1106; x_wconf 81' lang='lat' dir='ltr'>Athen.</span> <span class='ocrx_word' id='word_1_56' title='bbox 1166 1038 1238 1108; x_wconf 86' lang='lat' dir='ltr'>XV.</span> 
     </span>
     <span class='ocr_line' id='line_1_8' title="bbox 132 1160 172 1228; baseline 0 0"><span class='ocrx_word' id='word_1_57' title='bbox 132 1160 172 1228; x_wconf 87' lang='lat' dir='ltr'>P·</span> 
     </span>
    </p>
   </div>
   <div class='ocr_carea' id='block_1_4' title="bbox 126 1287 1050 1593">
    <p class='ocr_par' dir='ltr' id='par_1_4' title="bbox 126 1287 1050 1593">
     <span class='ocr_line' id='line_1_9' title="bbox 126 1287 954 1411; baseline 0 -49"><span class='ocrx_word' id='word_1_58' title='bbox 126 1319 128 1321; x_wconf 91' lang='lat'>·</span> <span class='ocrx_word' id='word_1_59' title='bbox 187 1295 355 1386; x_wconf 86' lang='grc' dir='ltr'><strong><em>φορεῖτε,</em></strong></span> <span class='ocrx_word' id='word_1_60' title='bbox 381 1288 551 1411; x_wconf 78' lang='grc' dir='ltr'><strong><em>μασσέτω</em></strong></span> <span class='ocrx_word' id='word_1_61' title='bbox 568 1315 640 1377; x_wconf 78' lang='grc' dir='ltr'><strong><em>τις,</em></strong></span> <span class='ocrx_word' id='word_1_62' title='bbox 666 1287 812 1382; x_wconf 77' lang='grc' dir='ltr'>ἐγχείτω</span> <span class='ocrx_word' id='word_1_63' title='bbox 827 1287 954 1384; x_wconf 77' lang='grc' dir='ltr'><strong><em>βαθάν</em></strong></span> 
     </span>
     <span class='ocr_line' id='line_1_10' title="bbox 186 1385 1050 1519; baseline 0.003 -54"><span class='ocrx_word' id='word_1_64' title='bbox 186 1388 360 1490; x_wconf 80' lang='grc' dir='ltr'><strong><em>κρητῆρ’·</em></strong></span> <span class='ocrx_word' id='word_1_65' title='bbox 387 1389 484 1466; x_wconf 84' lang='grc' dir='ltr'>ὅδ’</span> <span class='ocrx_word' id='word_1_66' title='bbox 467 1385 582 1519; x_wconf 76' lang='grc' dir='ltr'><strong><em>αἠηρ</em></strong></span> <span class='ocrx_word' id='word_1_67' title='bbox 579 1386 634 1464; x_wconf 88' lang='lat' dir='ltr'>ov&#39;</span> <span class='ocrx_word' id='word_1_68' title='bbox 630 1391 722 1488; x_wconf 77' lang='grc' dir='ltr'><strong><em>πρὶν</em></strong></span> <span class='ocrx_word' id='word_1_69' title='bbox 740 1391 786 1465; x_wconf 88' lang='grc' dir='ltr'><strong><em>άν</em></strong></span> <span class='ocrx_word' id='word_1_70' title='bbox 804 1387 901 1491; x_wconf 86' lang='grc' dir='ltr'><strong><em>φάγη</em></strong></span> <span class='ocrx_word' id='word_1_71' title='bbox 916 1394 1050 1486; x_wconf 75' lang='grc' dir='ltr'><strong><em>καλάς,</em></strong></span> 
     </span>
     <span class='ocr_line' id='line_1_11' title="bbox 187 1488 889 1593; baseline 0 -24"><span class='ocrx_word' id='word_1_72' title='bbox 187 1494 297 1569; x_wconf 87' lang='grc' dir='ltr'><strong><em>σπσῖα</em></strong></span> <span class='ocrx_word' id='word_1_73' title='bbox 316 1523 375 1568; x_wconf 87' lang='grc' dir='ltr'>και</span> <span class='ocrx_word' id='word_1_74' title='bbox 368 1494 511 1590; x_wconf 66' lang='grc' dir='ltr'><strong><em>βοῦν’</em></strong></span> <span class='ocrx_word' id='word_1_75' title='bbox 494 1488 664 1593; x_wconf 80' lang='grc' dir='ltr'><strong><em>εργάτης,</em></strong></span> <span class='ocrx_word' id='word_1_76' title='bbox 689 1488 889 1591; x_wconf 71' lang='grc' dir='ltr'><strong><em>ἐργάζεται.</em></strong></span> 
     </span>
    </p>
   </div>
   <div class='ocr_carea' id='block_1_5' title="bbox 84 1649 1259 4424">
    <p class='ocr_par' dir='ltr' id='par_1_5' title="bbox 131 1649 1248 1950">
     <span class='ocr_line' id='line_1_12' title="bbox 131 1649 1248 1743; baseline 0.004 -25"><span class='ocrx_word' id='word_1_77' title='bbox 131 1651 214 1718; x_wconf 85' lang='lat' dir='ltr'>Nou</span> <span class='ocrx_word' id='word_1_78' title='bbox 234 1658 286 1717; x_wconf 88' lang='lat' dir='ltr'>est</span> <span class='ocrx_word' id='word_1_79' title='bbox 305 1650 394 1718; x_wconf 94' lang='lat' dir='ltr'>enim</span> <span class='ocrx_word' id='word_1_80' title='bbox 412 1649 456 1717; x_wconf 88' lang='lat' dir='ltr'>de</span> <span class='ocrx_word' id='word_1_81' title='bbox 477 1649 647 1740; x_wconf 83' lang='lat' dir='ltr'>praesenti</span> <span class='ocrx_word' id='word_1_82' title='bbox 663 1658 790 1718; x_wconf 89' lang='lat' dir='ltr'>tantum</span> <span class='ocrx_word' id='word_1_83' title='bbox 808 1660 964 1743; x_wconf 87' lang='lat' dir='ltr'>tempore</span> <span class='ocrx_word' id='word_1_84' title='bbox 977 1653 1159 1742; x_wconf 87' lang='lat' dir='ltr'>loquutus,</span> <span class='ocrx_word' id='word_1_85' title='bbox 1186 1654 1248 1722; x_wconf 88' lang='lat' dir='ltr'>sed</span> 
     </span>
     <span class='ocr_line' id='line_1_13' title="bbox 132 1742 1246 1847; baseline 0.004 -25"><span class='ocrx_word' id='word_1_86' title='bbox 132 1753 307 1822; x_wconf 86' lang='lat' dir='ltr'>universe·</span> <span class='ocrx_word' id='word_1_87' title='bbox 333 1752 394 1822; x_wconf 85' lang='lat' dir='ltr'>bic</span> <span class='ocrx_word' id='word_1_88' title='bbox 412 1752 520 1820; x_wconf 84' lang='lat' dir='ltr'>bomo</span> <span class='ocrx_word' id='word_1_89' title='bbox 538 1773 610 1820; x_wconf 81' lang='lat' dir='ltr'>non</span> <span class='ocrx_word' id='word_1_90' title='bbox 628 1776 810 1845; x_wconf 83' lang='lat' dir='ltr'>umquam</span> <span class='ocrx_word' id='word_1_91' title='bbox 817 1764 921 1840; x_wconf 85' lang='lat' dir='ltr'>ante,</span> <span class='ocrx_word' id='word_1_92' title='bbox 949 1778 1059 1847; x_wconf 85' lang='lat' dir='ltr'>quam</span> <span class='ocrx_word' id='word_1_93' title='bbox 1078 1755 1165 1826; x_wconf 83' lang='lat' dir='ltr'>bene</span> <span class='ocrx_word' id='word_1_94' title='bbox 1181 1742 1246 1827; x_wconf 58' lang='grc' dir='ltr'>εσέ</span> 
     </span>
     <span class='ocr_line' id='line_1_14' title="bbox 133 1853 1250 1950; baseline 0.002 -24"><span class='ocrx_word' id='word_1_95' title='bbox 133 1854 423 1948; x_wconf 79' lang='lat' dir='ltr'>turatussuerr&#39;t,</span> <span class='ocrx_word' id='word_1_96' title='bbox 449 1853 610 1925; x_wconf 81' lang='lat' dir='ltr'>laborat</span> <span class='ocrx_word' id='word_1_97' title='bbox 662 1858 785 1946; x_wconf 88' lang='lat' dir='ltr'>Neque</span> <span class='ocrx_word' id='word_1_98' title='bbox 796 1880 877 1926; x_wconf 88' lang='lat' dir='ltr'>vero</span> <span class='ocrx_word' id='word_1_99' title='bbox 889 1858 1014 1929; x_wconf 89' lang='lat' dir='ltr'>alium</span> <span class='ocrx_word' id='word_1_100' title='bbox 1005 1881 1040 1925; x_wconf 92' lang='grc' dir='ltr'>ιιι</span> <span class='ocrx_word' id='word_1_101' title='bbox 1053 1882 1158 1950; x_wconf 90' lang='lat' dir='ltr'>prosa</span> <span class='ocrx_word' id='word_1_102' title='bbox 1168 1883 1250 1928; x_wconf 89' lang='lat' dir='ltr'>ora-</span> 
     </span>
    </p>

    <p class='ocr_par' dir='ltr' id='par_1_6' title="bbox 84 1957 1248 2572">
     <span class='ocr_line' id='line_1_15' title="bbox 132 1957 1248 2062; baseline 0.004 -34"><span class='ocrx_word' id='word_1_103' title='bbox 132 1961 226 2028; x_wconf 86' lang='lat' dir='ltr'>tione</span> <span class='ocrx_word' id='word_1_104' title='bbox 253 1982 349 2027; x_wconf 90' lang='lat' dir='ltr'>usum</span> <span class='ocrx_word' id='word_1_105' title='bbox 372 1959 523 2028; x_wconf 90' lang='lat' dir='ltr'>obtinere</span> <span class='ocrx_word' id='word_1_106' title='bbox 551 1968 813 2062; x_wconf 82' lang='lat' dir='ltr'>cousentaneum</span> <span class='ocrx_word' id='word_1_107' title='bbox 835 1957 895 2030; x_wconf 90' lang='lat' dir='ltr'>est.</span> <span class='ocrx_word' id='word_1_108' title='bbox 947 1962 1057 2030; x_wconf 85' lang='lat' dir='ltr'>Recte</span> <span class='ocrx_word' id='word_1_109' title='bbox 1077 1964 1248 2056; x_wconf 82' lang='lat' dir='ltr'>Reisigius</span> 
     </span>
     <span class='ocr_line' id='line_1_16' title="bbox 133 2061 1246 2185; baseline 0.005 -53"><span class='ocrx_word' id='word_1_110' title='bbox 133 2064 241 2156; x_wconf 80' lang='lat' dir='ltr'>negat</span> <span class='ocrx_word' id='word_1_111' title='bbox 264 2085 352 2154; x_wconf 86' lang='lat' dir='ltr'>opus</span> <span class='ocrx_word' id='word_1_112' title='bbox 372 2085 446 2131; x_wconf 91' lang='lat' dir='ltr'>esse</span> <span class='ocrx_word' id='word_1_113' title='bbox 463 2061 677 2185; x_wconf 85' lang='lat' dir='ltr'>particula</span> <span class='ocrx_word' id='word_1_114' title='bbox 652 2091 698 2135; x_wconf 94' lang='grc' dir='ltr'><strong><em>αν</em></strong></span> <span class='ocrx_word' id='word_1_115' title='bbox 718 2063 754 2131; x_wconf 90' lang='lat' dir='ltr'>in</span> <span class='ocrx_word' id='word_1_116' title='bbox 767 2063 819 2132; x_wconf 89' lang='lat' dir='ltr'>his</span> <span class='ocrx_word' id='word_1_117' title='bbox 834 2065 982 2132; x_wconf 87' lang='lat' dir='ltr'>Platonis</span> <span class='ocrx_word' id='word_1_118' title='bbox 999 2063 1043 2132; x_wconf 92' lang='lat' dir='ltr'>de</span> <span class='ocrx_word' id='word_1_119' title='bbox 1062 2065 1175 2159; x_wconf 84' lang='lat' dir='ltr'>Legg.</span> <span class='ocrx_word' id='word_1_120' title='bbox 1188 2067 1246 2138; x_wconf 77' lang='lat' dir='ltr'>lx</span> 
     </span>
     <span class='ocr_line' id='line_1_17' title="bbox 84 2164 1248 2262; baseline 0.007 -29"><span class='ocrx_word' id='word_1_121' title='bbox 84 2165 89 2171; x_wconf 79' lang='grc'><strong><em>’</em></strong></span> <span class='ocrx_word' id='word_1_122' title='bbox 133 2164 276 2260; x_wconf 67' lang='lat' dir='ltr'>pm</span> <span class='ocrx_word' id='word_1_123' title='bbox 291 2168 333 2236; x_wconf 91' lang='grc' dir='ltr'>Ε.</span> <span class='ocrx_word' id='word_1_124' title='bbox 349 2165 420 2240; x_wconf 75' lang='lat' dir='ltr'>cori</span> <span class='ocrx_word' id='word_1_125' title='bbox 436 2192 506 2262; x_wconf 90' lang='grc' dir='ltr'>γαρ</span> <span class='ocrx_word' id='word_1_126' title='bbox 523 2164 1135 2294; x_wconf 79' lang='grc' dir='ltr'><strong><em>ιισινσῦμιανθέντσςαἴματρςοάιι</em></strong></span> <span class='ocrx_word' id='word_1_127' title='bbox 1154 2164 1248 2241; x_wconf 82' lang='grc' dir='ltr'><strong><em>εἶναι</em></strong></span> 
     </span>
     <span class='ocr_line' id='line_1_18' title="bbox 133 2263 1247 2395; baseline -0.001 -52"><span class='ocrx_word' id='word_1_128' title='bbox 133 2263 323 2366; x_wconf 73' lang='grc' dir='ltr'><strong><em>κάθαρσιν</em></strong></span> <span class='ocrx_word' id='word_1_129' title='bbox 347 2267 500 2392; x_wconf 82' lang='grc' dir='ltr'><strong><em>ἄλλην,</em></strong></span> <span class='ocrx_word' id='word_1_130' title='bbox 508 2263 593 2340; x_wconf 79' lang='grc' dir='ltr'><strong><em>ον’δέ</em></strong></span> <span class='ocrx_word' id='word_1_131' title='bbox 620 2269 796 2342; x_wconf 78' lang='grc' dir='ltr'><strong><em>ἔκπλυτον</em></strong></span> <span class='ocrx_word' id='word_1_132' title='bbox 818 2271 959 2344; x_wconf 75' lang='grc' dir='ltr'><strong><em>ἐθέλειν</em></strong></span> <span class='ocrx_word' id='word_1_133' title='bbox 987 2268 1179 2395; x_wconf 79' lang='grc' dir='ltr'><strong><em>γέγνεσθρι</em></strong></span> <span class='ocrx_word' id='word_1_134' title='bbox 1202 2297 1247 2342; x_wconf 89' lang='grc' dir='ltr'><strong><em>τσ</em></strong></span> 
     </span>
     <span class='ocr_line' id='line_1_19' title="bbox 133 2363 1248 2500; baseline -0.001 -55"><span class='ocrx_word' id='word_1_135' title='bbox 133 2373 315 2495; x_wconf 83' lang='grc' dir='ltr'><strong><em>μιανθέν,</em></strong></span> <span class='ocrx_word' id='word_1_136' title='bbox 343 2369 427 2469; x_wconf 90' lang='grc' dir='ltr'><strong><em>πριν</em></strong></span> <span class='ocrx_word' id='word_1_137' title='bbox 449 2363 565 2465; x_wconf 89' lang='grc' dir='ltr'><strong><em>φόνον</em></strong></span> <span class='ocrx_word' id='word_1_138' title='bbox 582 2365 700 2468; x_wconf 81' lang='grc' dir='ltr'><strong><em>φόνῳ,</em></strong></span> <span class='ocrx_word' id='word_1_139' title='bbox 727 2370 843 2500; x_wconf 85' lang='grc' dir='ltr'><strong><em>σμσίηι</em></strong></span> <span class='ocrx_word' id='word_1_140' title='bbox 868 2369 1021 2494; x_wconf 85' lang='grc' dir='ltr'><strong><em>ὄμρισν,</em></strong></span> <span class='ocrx_word' id='word_1_141' title='bbox 1043 2367 1248 2494; x_wconf 82' lang='grc' dir='ltr'><strong><em>ἠδράσασα</em></strong></span> 
     </span>
     <span class='ocr_line' id='line_1_20' title="bbox 134 2467 1245 2572; baseline 0.001 -25"><span class='ocrx_word' id='word_1_142' title='bbox 134 2496 235 2572; x_wconf 81' lang='grc' dir='ltr'><strong><em>ψαχη</em></strong></span> <span class='ocrx_word' id='word_1_143' title='bbox 227 2467 353 2572; x_wconf 82' lang='grc' dir='ltr'><strong><em>τλση,</em></strong></span> <span class='ocrx_word' id='word_1_144' title='bbox 378 2473 439 2546; x_wconf 82' lang='grc' dir='ltr'>καὶ</span> <span class='ocrx_word' id='word_1_145' title='bbox 461 2467 576 2570; x_wconf 82' lang='grc' dir='ltr'><strong><em>πάσης</em></strong></span> <span class='ocrx_word' id='word_1_146' title='bbox 587 2502 652 2571; x_wconf 81' lang='grc' dir='ltr'><strong><em>της</em></strong></span> <span class='ocrx_word' id='word_1_147' title='bbox 668 2475 868 2567; x_wconf 77' lang='grc' dir='ltr'><strong><em>ενγγενεέας</em></strong></span> <span class='ocrx_word' id='word_1_148' title='bbox 884 2503 951 2549; x_wconf 91' lang='grc' dir='ltr'>τον</span> <span class='ocrx_word' id='word_1_149' title='bbox 966 2469 1092 2569; x_wconf 81' lang='grc' dir='ltr'><strong><em>θσμόν</em></strong></span> <span class='ocrx_word' id='word_1_150' title='bbox 1107 2472 1245 2571; x_wconf 83' lang='grc' dir='ltr'><strong><em>α’φιλα-</em></strong></span> 
     </span>
    </p>

    <p class='ocr_par' dir='ltr' id='par_1_7' title="bbox 137 2574 1249 2774">
     <span class='ocr_line' id='line_1_21' title="bbox 137 2574 1249 2674; baseline -0.004 -23"><span class='ocrx_word' id='word_1_151' title='bbox 137 2578 278 2674; x_wconf 81' lang='grc' dir='ltr'><strong><em>σαμένη</em></strong></span> <span class='ocrx_word' id='word_1_152' title='bbox 300 2574 457 2673; x_wconf 79' lang='grc' dir='ltr'><strong><em>κοιμίσῃ.</em></strong></span> <span class='ocrx_word' id='word_1_153' title='bbox 499 2576 547 2644; x_wconf 90' lang='lat' dir='ltr'>At</span> <span class='ocrx_word' id='word_1_154' title='bbox 572 2600 688 2646; x_wconf 87' lang='lat' dir='ltr'>caussa</span> <span class='ocrx_word' id='word_1_155' title='bbox 702 2601 771 2646; x_wconf 89' lang='lat' dir='ltr'>non</span> <span class='ocrx_word' id='word_1_156' title='bbox 791 2579 828 2646; x_wconf 92' lang='lat' dir='ltr'>in</span> <span class='ocrx_word' id='word_1_157' title='bbox 847 2579 1012 2671; x_wconf 73' lang='lat' dir='ltr'>grauitate</span> <span class='ocrx_word' id='word_1_158' title='bbox 1033 2587 1068 2646; x_wconf 91' lang='lat' dir='ltr'>et</span> <span class='ocrx_word' id='word_1_159' title='bbox 1084 2578 1249 2672; x_wconf 83' lang='lat' dir='ltr'>dignitate</span> 
     </span>
     <span class='ocr_line' id='line_1_22' title="bbox 137 2677 1249 2802; baseline 0 -52"><span class='ocrx_word' id='word_1_160' title='bbox 137 2681 297 2802; x_wconf 81' lang='lat' dir='ltr'>qrationis</span> <span class='ocrx_word' id='word_1_161' title='bbox 317 2677 522 2770; x_wconf 87' lang='lat' dir='ltr'>quaerenda,</span> <span class='ocrx_word' id='word_1_162' title='bbox 549 2680 632 2748; x_wconf 87' lang='lat' dir='ltr'>scd</span> <span class='ocrx_word' id='word_1_163' title='bbox 623 2703 656 2748; x_wconf 90' lang='grc' dir='ltr'>ιιι</span> <span class='ocrx_word' id='word_1_164' title='bbox 669 2682 707 2749; x_wconf 92' lang='lat' dir='ltr'>iis</span> <span class='ocrx_word' id='word_1_165' title='bbox 723 2682 844 2767; x_wconf 85' lang='lat' dir='ltr'>verbis,</span> <span class='ocrx_word' id='word_1_166' title='bbox 870 2681 962 2750; x_wconf 91' lang='lat' dir='ltr'>uude</span> <span class='ocrx_word' id='word_1_167' title='bbox 976 2681 1063 2750; x_wconf 90' lang='lat' dir='ltr'>haec</span> <span class='ocrx_word' id='word_1_168' title='bbox 1075 2683 1249 2774; x_wconf 86' lang='lat' dir='ltr'>pendent:</span> 
     </span>
    </p>

    <p class='ocr_par' dir='ltr' id='par_1_8' title="bbox 136 2775 1249 3188">
     <span class='ocr_line' id='line_1_23' title="bbox 136 2775 1246 2910; baseline -0.001 -52"><span class='ocrx_word' id='word_1_169' title='bbox 136 2781 161 2858; x_wconf 82' lang='grc' dir='ltr'>ὁ</span> <span class='ocrx_word' id='word_1_170' title='bbox 174 2809 243 2878; x_wconf 91' lang='grc' dir='ltr'>γαρ</span> <span class='ocrx_word' id='word_1_171' title='bbox 259 2776 303 2880; x_wconf 83' lang='grc' dir='ltr'>δη</span> <span class='ocrx_word' id='word_1_172' title='bbox 316 2779 471 2910; x_wconf 77' lang='grc' dir='ltr'><strong><em>μῦθσςη</em></strong></span> <span class='ocrx_word' id='word_1_173' title='bbox 485 2775 626 2909; x_wconf 78' lang='grc' dir='ltr'><strong><em>λάγρς</em></strong></span> <span class='ocrx_word' id='word_1_174' title='bbox 604 2811 624 2878; x_wconf 95' lang='grc' dir='ltr'><strong><em>η</em></strong></span> <span class='ocrx_word' id='word_1_175' title='bbox 642 2781 664 2856; x_wconf 88' lang='grc' dir='ltr'><strong><em>ὅ</em></strong></span> <span class='ocrx_word' id='word_1_176' title='bbox 681 2811 720 2855; x_wconf 93' lang='grc' dir='ltr'>τι</span> <span class='ocrx_word' id='word_1_177' title='bbox 740 2809 808 2905; x_wconf 78' lang='grc' dir='ltr'>χρη</span> <span class='ocrx_word' id='word_1_178' title='bbox 823 2777 1101 2906; x_wconf 82' lang='grc' dir='ltr'><strong><em>πρρςαγσρεάειν</em></strong></span> <span class='ocrx_word' id='word_1_179' title='bbox 1118 2779 1246 2874; x_wconf 76' lang='grc' dir='ltr'><strong><em>αὐτόν,</em></strong></span> 
     </span>
     <span class='ocr_line' id='line_1_24' title="bbox 136 2883 1248 3008; baseline 0 -49"><span class='ocrx_word' id='word_1_180' title='bbox 136 2892 177 2960; x_wconf 84' lang='grc' dir='ltr'>έιι</span> <span class='ocrx_word' id='word_1_181' title='bbox 199 2886 399 2958; x_wconf 79' lang='grc' dir='ltr'><strong><em>παλαιάν</em></strong></span> <span class='ocrx_word' id='word_1_182' title='bbox 384 2884 509 3004; x_wconf 88' lang='grc' dir='ltr'><strong><em>ιερέων</em></strong></span> <span class='ocrx_word' id='word_1_183' title='bbox 531 2911 670 2984; x_wconf 83' lang='grc' dir='ltr'><strong><em>ειρηται</em></strong></span> <span class='ocrx_word' id='word_1_184' title='bbox 693 2888 833 2980; x_wconf 71' lang='grc' dir='ltr'><strong><em>σαφεῖς,</em></strong></span> <span class='ocrx_word' id='word_1_185' title='bbox 864 2883 913 3008; x_wconf 66' lang='grc' dir='ltr'>ως</span> <span class='ocrx_word' id='word_1_186' title='bbox 932 2913 954 2983; x_wconf 95' lang='grc' dir='ltr'><strong><em>η</em></strong></span> <span class='ocrx_word' id='word_1_187' title='bbox 973 2887 1047 2958; x_wconf 80' lang='grc' dir='ltr'>τάν</span> <span class='ocrx_word' id='word_1_188' title='bbox 1073 2885 1248 2980; x_wconf 81' lang='grc' dir='ltr'><strong><em>ξαγγενάν</em></strong></span> 
     </span>
     <span class='ocr_line' id='line_1_25' title="bbox 138 2983 1249 3087; baseline -0.001 -25"><span class='ocrx_word' id='word_1_189' title='bbox 138 2983 306 3078; x_wconf 85' lang='grc' dir='ltr'><strong><em>αἱμάτων</em></strong></span> <span class='ocrx_word' id='word_1_190' title='bbox 328 3011 488 3083; x_wconf 76' lang='grc' dir='ltr'><strong><em>τιμωρος</em></strong></span> <span class='ocrx_word' id='word_1_191' title='bbox 509 2985 634 3086; x_wconf 83' lang='grc' dir='ltr'><strong><em>δι’κη’</em></strong></span> <span class='ocrx_word' id='word_1_192' title='bbox 616 2986 807 3069; x_wconf 82' lang='grc' dir='ltr'><strong><em>επλσκσπσς</em></strong></span> <span class='ocrx_word' id='word_1_193' title='bbox 829 2983 930 3084; x_wconf 81' lang='grc' dir='ltr'><strong><em>νόμῳ</em></strong></span> <span class='ocrx_word' id='word_1_194' title='bbox 952 2989 1085 3087; x_wconf 80' lang='grc' dir='ltr'><strong><em>χρῆται</em></strong></span> <span class='ocrx_word' id='word_1_195' title='bbox 1109 2990 1162 3085; x_wconf 79' lang='grc' dir='ltr'><strong><em>τῷ</em></strong></span> <span class='ocrx_word' id='word_1_196' title='bbox 1182 2988 1249 3063; x_wconf 80' lang='grc' dir='ltr'>νῦν</span> 
     </span>
     <span class='ocr_line' id='line_1_26' title="bbox 138 3085 1248 3188; baseline -0.001 -23"><span class='ocrx_word' id='word_1_197' title='bbox 138 3085 185 3188; x_wconf 76' lang='grc' dir='ltr'>δη</span> <span class='ocrx_word' id='word_1_198' title='bbox 202 3093 391 3182; x_wconf 84' lang='grc' dir='ltr'><strong><em>λεχθέντι,</em></strong></span> <span class='ocrx_word' id='word_1_199' title='bbox 417 3116 476 3162; x_wconf 88' lang='grc' dir='ltr'><strong><em>ιιαι</em></strong></span> <span class='ocrx_word' id='word_1_200' title='bbox 469 3087 662 3174; x_wconf 75' lang='grc' dir='ltr'><strong><em>ἔταξεν</em></strong></span> <span class='ocrx_word' id='word_1_201' title='bbox 637 3117 709 3187; x_wconf 88' lang='grc' dir='ltr'>αρα</span> <span class='ocrx_word' id='word_1_202' title='bbox 732 3086 910 3186; x_wconf 81' lang='grc' dir='ltr'><strong><em>δράσαντί</em></strong></span> <span class='ocrx_word' id='word_1_203' title='bbox 923 3119 962 3165; x_wconf 88' lang='grc' dir='ltr'>τι</span> <span class='ocrx_word' id='word_1_204' title='bbox 982 3091 1156 3165; x_wconf 81' lang='grc' dir='ltr'><strong><em>τοιοῦτον</em></strong></span> <span class='ocrx_word' id='word_1_205' title='bbox 1172 3119 1248 3163; x_wconf 92' lang='grc' dir='ltr'>πα-</span> 
     </span>
    </p>

    <p class='ocr_par' dir='ltr' id='par_1_9' title="bbox 137 3187 1246 3290">
     <span class='ocr_line' id='line_1_27' title="bbox 137 3187 1246 3290; baseline -0.006 -22"><span class='ocrx_word' id='word_1_206' title='bbox 137 3199 224 3268; x_wconf 88' lang='grc' dir='ltr'><strong><em>θειν</em></strong></span> <span class='ocrx_word' id='word_1_207' title='bbox 256 3187 379 3267; x_wconf 81' lang='grc' dir='ltr'><strong><em>ταάτα</em></strong></span> <span class='ocrx_word' id='word_1_208' title='bbox 409 3187 608 3284; x_wconf 82' lang='grc' dir='ltr'><strong><em>α’ναγκαέως</em></strong></span> <span class='ocrx_word' id='word_1_209' title='bbox 634 3191 728 3290; x_wconf 86' lang='grc' dir='ltr'><strong><em>άπερ</em></strong></span> <span class='ocrx_word' id='word_1_210' title='bbox 754 3196 915 3287; x_wconf 83' lang='grc' dir='ltr'><strong><em>ἔδρασεν.</em></strong></span> <span class='ocrx_word' id='word_1_211' title='bbox 968 3196 1058 3263; x_wconf 91' lang='lat' dir='ltr'>Nam</span> <span class='ocrx_word' id='word_1_212' title='bbox 1083 3195 1162 3285; x_wconf 91' lang='lat' dir='ltr'>quia</span> <span class='ocrx_word' id='word_1_213' title='bbox 1183 3218 1246 3262; x_wconf 89' lang='lat' dir='ltr'>ne·</span> 
     </span>
    </p>

    <p class='ocr_par' dir='ltr' id='par_1_10' title="bbox 137 3294 1259 4424">
     <span class='ocr_line' id='line_1_28' title="bbox 139 3294 1246 3418; baseline -0.001 -53"><span class='ocrx_word' id='word_1_214' title='bbox 139 3299 284 3366; x_wconf 89' lang='lat' dir='ltr'>cessario</span> <span class='ocrx_word' id='word_1_215' title='bbox 306 3294 531 3389; x_wconf 83' lang='lat' dir='ltr'>perpetienda</span> <span class='ocrx_word' id='word_1_216' title='bbox 553 3320 627 3366; x_wconf 89' lang='lat' dir='ltr'>esse</span> <span class='ocrx_word' id='word_1_217' title='bbox 643 3296 764 3365; x_wconf 87' lang='lat' dir='ltr'>eadem</span> <span class='ocrx_word' id='word_1_218' title='bbox 785 3297 882 3382; x_wconf 88' lang='lat' dir='ltr'>dicit,</span> <span class='ocrx_word' id='word_1_219' title='bbox 911 3321 1000 3387; x_wconf 93' lang='lat' dir='ltr'>quae</span> <span class='ocrx_word' id='word_1_220' title='bbox 1023 3298 1096 3418; x_wconf 90' lang='lat' dir='ltr'>quis</span> <span class='ocrx_word' id='word_1_221' title='bbox 1118 3298 1246 3386; x_wconf 82' lang='lat' dir='ltr'>fecerit,</span> 
     </span>
     <span class='ocr_line' id='line_1_29' title="bbox 137 3398 1248 3497; baseline -0.001 -30"><span class='ocrx_word' id='word_1_222' title='bbox 137 3411 323 3493; x_wconf 88' lang='lat' dir='ltr'>propterea</span> <span class='ocrx_word' id='word_1_223' title='bbox 340 3399 447 3497; x_wconf 90' lang='grc' dir='ltr'><strong><em>πριν,</em></strong></span> <span class='ocrx_word' id='word_1_224' title='bbox 474 3398 532 3467; x_wconf 91' lang='lat' dir='ltr'>ut</span> <span class='ocrx_word' id='word_1_225' title='bbox 522 3420 557 3468; x_wconf 95' lang='grc' dir='ltr'>ιιι</span> <span class='ocrx_word' id='word_1_226' title='bbox 572 3425 610 3469; x_wconf 89' lang='lat' dir='ltr'>re</span> <span class='ocrx_word' id='word_1_227' title='bbox 630 3410 723 3469; x_wconf 89' lang='lat' dir='ltr'>certo</span> <span class='ocrx_word' id='word_1_228' title='bbox 739 3409 1000 3490; x_wconf 83' lang='lat' dir='ltr'>consequutura‚</span> <span class='ocrx_word' id='word_1_229' title='bbox 1026 3403 1096 3470; x_wconf 90' lang='lat' dir='ltr'>sine</span> <span class='ocrx_word' id='word_1_230' title='bbox 1118 3398 1164 3472; x_wconf 83' lang='grc' dir='ltr'><strong><em>άν</em></strong></span> <span class='ocrx_word' id='word_1_231' title='bbox 1178 3421 1248 3490; x_wconf 93' lang='lat' dir='ltr'>po-</span> 
     </span>
     <span class='ocr_line' id='line_1_30' title="bbox 139 3502 1249 3595; baseline -0.001 -24"><span class='ocrx_word' id='word_1_232' title='bbox 139 3503 216 3576; x_wconf 88' lang='lat' dir='ltr'>suit.</span> <span class='ocrx_word' id='word_1_233' title='bbox 267 3503 484 3593; x_wconf 81' lang='lat' dir='ltr'>Quamquam</span> <span class='ocrx_word' id='word_1_234' title='bbox 504 3505 578 3591; x_wconf 89' lang='lat' dir='ltr'>quis</span> <span class='ocrx_word' id='word_1_235' title='bbox 599 3512 704 3595; x_wconf 85' lang='lat' dir='ltr'>neget</span> <span class='ocrx_word' id='word_1_236' title='bbox 724 3512 758 3571; x_wconf 93' lang='lat' dir='ltr'>et</span> <span class='ocrx_word' id='word_1_237' title='bbox 779 3502 847 3571; x_wconf 91' lang='lat' dir='ltr'>hoc</span> <span class='ocrx_word' id='word_1_238' title='bbox 862 3504 897 3572; x_wconf 91' lang='lat' dir='ltr'>in</span> <span class='ocrx_word' id='word_1_239' title='bbox 910 3505 1007 3591; x_wconf 90' lang='lat' dir='ltr'>loco,</span> <span class='ocrx_word' id='word_1_240' title='bbox 1035 3502 1199 3573; x_wconf 77' lang='lat' dir='ltr'>et-multis</span> <span class='ocrx_word' id='word_1_241' title='bbox 1214 3503 1249 3570; x_wconf 93' lang='lat' dir='ltr'>in</span> 
     </span>
     <span class='ocr_line' id='line_1_31' title="bbox 140 3602 1249 3703; baseline -0.003 -29"><span class='ocrx_word' id='word_1_242' title='bbox 140 3607 231 3693; x_wconf 90' lang='lat' dir='ltr'>aliis,</span> <span class='ocrx_word' id='word_1_243' title='bbox 258 3607 357 3674; x_wconf 88' lang='lat' dir='ltr'>etiam</span> <span class='ocrx_word' id='word_1_244' title='bbox 371 3603 455 3700; x_wconf 86' lang='grc' dir='ltr'><strong><em>πρὶν</em></strong></span> <span class='ocrx_word' id='word_1_245' title='bbox 471 3602 516 3676; x_wconf 85' lang='grc' dir='ltr'><strong><em>άν</em></strong></span> <span class='ocrx_word' id='word_1_246' title='bbox 535 3607 602 3674; x_wconf 91' lang='lat' dir='ltr'>dici</span> <span class='ocrx_word' id='word_1_247' title='bbox 616 3606 790 3698; x_wconf 81' lang='lat' dir='ltr'>potuisse?</span> <span class='ocrx_word' id='word_1_248' title='bbox 815 3608 921 3695; x_wconf 81' lang='lat' dir='ltr'>Nam,</span> <span class='ocrx_word' id='word_1_249' title='bbox 947 3609 1062 3699; x_wconf 91' lang='lat' dir='ltr'>prouti</span> <span class='ocrx_word' id='word_1_250' title='bbox 1075 3628 1150 3703; x_wconf 86' lang='lat' dir='ltr'>rem</span> <span class='ocrx_word' id='word_1_251' title='bbox 1165 3627 1249 3672; x_wconf 90' lang='lat' dir='ltr'>con-</span> 
     </span>
     <span class='ocr_line' id='line_1_32' title="bbox 141 3707 1248 3802; baseline -0.001 -24"><span class='ocrx_word' id='word_1_252' title='bbox 141 3709 285 3798; x_wconf 86' lang='lat' dir='ltr'>sideres,</span> <span class='ocrx_word' id='word_1_253' title='bbox 311 3733 416 3802; x_wconf 87' lang='lat' dir='ltr'>saepe</span> <span class='ocrx_word' id='word_1_254' title='bbox 435 3708 535 3777; x_wconf 85' lang='lat' dir='ltr'>etiam</span> <span class='ocrx_word' id='word_1_255' title='bbox 551 3710 645 3800; x_wconf 93' lang='lat' dir='ltr'>quod</span> <span class='ocrx_word' id='word_1_256' title='bbox 663 3719 791 3778; x_wconf 87' lang='lat' dir='ltr'>certum</span> <span class='ocrx_word' id='word_1_257' title='bbox 815 3719 882 3798; x_wconf 89' lang='lat' dir='ltr'>est,</span> <span class='ocrx_word' id='word_1_258' title='bbox 909 3711 974 3778; x_wconf 91' lang='lat' dir='ltr'>alia</span> <span class='ocrx_word' id='word_1_259' title='bbox 993 3710 1121 3778; x_wconf 89' lang='lat' dir='ltr'>ratione</span> <span class='ocrx_word' id='word_1_260' title='bbox 1140 3716 1178 3775; x_wconf 93' lang='lat' dir='ltr'>ut</span> <span class='ocrx_word' id='word_1_261' title='bbox 1196 3707 1248 3777; x_wconf 91' lang='lat' dir='ltr'>in-</span> 
     </span>
     <span class='ocr_line' id='line_1_33' title="bbox 142 3811 1259 3906; baseline 0 -27"><span class='ocrx_word' id='word_1_262' title='bbox 142 3821 271 3882; x_wconf 86' lang='lat' dir='ltr'>certum</span> <span class='ocrx_word' id='word_1_263' title='bbox 294 3813 441 3905; x_wconf 84' lang='lat' dir='ltr'>proferri</span> <span class='ocrx_word' id='word_1_264' title='bbox 463 3821 593 3905; x_wconf 87' lang='lat' dir='ltr'>potest:</span> <span class='ocrx_word' id='word_1_265' title='bbox 619 3822 657 3882; x_wconf 90' lang='lat' dir='ltr'>ut</span> <span class='ocrx_word' id='word_1_266' title='bbox 677 3811 752 3906; x_wconf 86' lang='lat' dir='ltr'>hic,</span> <span class='ocrx_word' id='word_1_267' title='bbox 779 3813 888 3882; x_wconf 88' lang='lat' dir='ltr'>sinon</span> <span class='ocrx_word' id='word_1_268' title='bbox 901 3824 972 3881; x_wconf 83' lang='lat' dir='ltr'>tam</span> <span class='ocrx_word' id='word_1_269' title='bbox 991 3811 1092 3899; x_wconf 87' lang='lat' dir='ltr'>iliud,</span> <span class='ocrx_word' id='word_1_270' title='bbox 1118 3833 1259 3901; x_wconf 73' lang='lat' dir='ltr'>sequu-</span> 
     </span>
     <span class='ocr_line' id='line_1_34' title="bbox 141 3915 1249 4008; baseline 0 -25"><span class='ocrx_word' id='word_1_271' title='bbox 141 3924 252 3983; x_wconf 87' lang='lat' dir='ltr'>turam</span> <span class='ocrx_word' id='word_1_272' title='bbox 292 3939 367 3985; x_wconf 88' lang='lat' dir='ltr'>esse</span> <span class='ocrx_word' id='word_1_273' title='bbox 403 3938 572 4008; x_wconf 78' lang='lat' dir='ltr'>poenam,</span> <span class='ocrx_word' id='word_1_274' title='bbox 611 3940 715 4007; x_wconf 91' lang='lat' dir='ltr'>quam</span> <span class='ocrx_word' id='word_1_275' title='bbox 759 3939 836 3985; x_wconf 87' lang='lat' dir='ltr'>eam</span> <span class='ocrx_word' id='word_1_276' title='bbox 874 3915 1072 4007; x_wconf 87' lang='lat' dir='ltr'>aliquando,</span> <span class='ocrx_word' id='word_1_277' title='bbox 1113 3915 1175 3984; x_wconf 91' lang='lat' dir='ltr'>sed</span> <span class='ocrx_word' id='word_1_278' title='bbox 1210 3923 1249 3983; x_wconf 88' lang='lat' dir='ltr'>ut</span> 
     </span>
     <span class='ocr_line' id='line_1_35' title="bbox 141 4018 1248 4112; baseline 0 -26"><span class='ocrx_word' id='word_1_279' title='bbox 141 4019 308 4087; x_wconf 87' lang='lat' dir='ltr'>incertum</span> <span class='ocrx_word' id='word_1_280' title='bbox 346 4021 388 4088; x_wconf 87' lang='lat' dir='ltr'>sit</span> <span class='ocrx_word' id='word_1_281' title='bbox 417 4042 487 4110; x_wconf 93' lang='lat' dir='ltr'>quo</span> <span class='ocrx_word' id='word_1_282' title='bbox 524 4028 697 4112; x_wconf 84' lang='lat' dir='ltr'>tempore,</span> <span class='ocrx_word' id='word_1_283' title='bbox 734 4027 949 4109; x_wconf 88' lang='lat' dir='ltr'>sequuturam</span> <span class='ocrx_word' id='word_1_284' title='bbox 983 4019 1097 4088; x_wconf 89' lang='lat' dir='ltr'>dicere</span> <span class='ocrx_word' id='word_1_285' title='bbox 1128 4018 1248 4086; x_wconf 88' lang='lat' dir='ltr'>volue-</span> 
     </span>
     <span class='ocr_line' id='line_1_36' title="bbox 142 4120 1247 4214; baseline -0.002 -25"><span class='ocrx_word' id='word_1_286' title='bbox 142 4122 198 4194; x_wconf 87' lang='lat' dir='ltr'>ris.</span> <span class='ocrx_word' id='word_1_287' title='bbox 250 4122 365 4191; x_wconf 89' lang='lat' dir='ltr'>Dubia</span> <span class='ocrx_word' id='word_1_288' title='bbox 387 4131 439 4190; x_wconf 88' lang='lat' dir='ltr'>est</span> <span class='ocrx_word' id='word_1_289' title='bbox 455 4124 620 4214; x_wconf 86' lang='lat' dir='ltr'>scriptura</span> <span class='ocrx_word' id='word_1_290' title='bbox 641 4124 677 4191; x_wconf 90' lang='lat' dir='ltr'>in</span> <span class='ocrx_word' id='word_1_291' title='bbox 697 4123 840 4194; x_wconf 84' lang='lat' dir='ltr'>Politico</span> <span class='ocrx_word' id='word_1_292' title='bbox 854 4146 890 4214; x_wconf 93' lang='lat' dir='ltr'>p.</span> <span class='ocrx_word' id='word_1_293' title='bbox 904 4122 989 4192; x_wconf 78' lang='lat'>281.</span> <span class='ocrx_word' id='word_1_294' title='bbox 1010 4123 1053 4193; x_wconf 82' lang='lat' dir='ltr'>l).</span> <span class='ocrx_word' id='word_1_295' title='bbox 1069 4122 1140 4190; x_wconf 91' lang='lat' dir='ltr'>aliis</span> <span class='ocrx_word' id='word_1_296' title='bbox 1154 4120 1247 4188; x_wconf 89' lang='lat' dir='ltr'>libris</span> 
     </span>
     <span class='ocr_line' id='line_1_37' title="bbox 143 4222 1247 4323; baseline -0.006 -27"><span class='ocrx_word' id='word_1_297' title='bbox 143 4225 229 4319; x_wconf 81' lang='grc' dir='ltr'><strong><em>πρὶν</em></strong></span> <span class='ocrx_word' id='word_1_298' title='bbox 268 4223 334 4312; x_wconf 84' lang='grc' dir='ltr'><strong><em>ἄν,</em></strong></span> <span class='ocrx_word' id='word_1_299' title='bbox 367 4225 438 4293; x_wconf 86' lang='lat' dir='ltr'>aliis</span> <span class='ocrx_word' id='word_1_300' title='bbox 467 4227 552 4323; x_wconf 79' lang='grc' dir='ltr'><strong><em>πρὶν</em></strong></span> <span class='ocrx_word' id='word_1_301' title='bbox 574 4222 623 4298; x_wconf 81' lang='grc' dir='ltr'>αὖ</span> <span class='ocrx_word' id='word_1_302' title='bbox 649 4226 907 4318; x_wconf 87' lang='lat' dir='ltr'>praebentibus,</span> <span class='ocrx_word' id='word_1_303' title='bbox 940 4226 1033 4317; x_wconf 93' lang='lat' dir='ltr'>quod</span> <span class='ocrx_word' id='word_1_304' title='bbox 1059 4247 1128 4294; x_wconf 90' lang='lat' dir='ltr'>non</span> <span class='ocrx_word' id='word_1_305' title='bbox 1154 4223 1247 4290; x_wconf 86' lang='lat' dir='ltr'>dixe·</span> 
     </span>
     <span class='ocr_line' id='line_1_38' title="bbox 144 4324 1247 4424; baseline -0.003 -29"><span class='ocrx_word' id='word_1_306' title='bbox 144 4328 209 4396; x_wconf 86' lang='lat' dir='ltr'>rim</span> <span class='ocrx_word' id='word_1_307' title='bbox 227 4328 353 4397; x_wconf 83' lang='lat' dir='ltr'>falsum</span> <span class='ocrx_word' id='word_1_308' title='bbox 372 4351 457 4399; x_wconf 83' lang='lat' dir='ltr'>esse.</span> <span class='ocrx_word' id='word_1_309' title='bbox 514 4331 593 4398; x_wconf 88' lang='lat' dir='ltr'>Nou</span> <span class='ocrx_word' id='word_1_310' title='bbox 619 4329 779 4399; x_wconf 90' lang='lat' dir='ltr'>assentior</span> <span class='ocrx_word' id='word_1_311' title='bbox 805 4330 975 4424; x_wconf 84' lang='lat' dir='ltr'>Reisigio,</span> <span class='ocrx_word' id='word_1_312' title='bbox 1008 4331 1042 4397; x_wconf 94' lang='lat' dir='ltr'>in</span> <span class='ocrx_word' id='word_1_313' title='bbox 1071 4324 1247 4396; x_wconf 83' lang='lat' dir='ltr'>Aeschinis</span> 
     </span>
    </p>
   </div>
   <div class='ocr_carea' id='block_1_6' title="bbox 0 0 1480 4890">
    <p class='ocr_par' dir='ltr' id='par_1_11' title="bbox 0 0 1480 4890">
     <span class='ocr_line' id='line_1_39' title="bbox 0 0 1480 4890; baseline 0 0"><span class='ocrx_word' id='word_1_314' title='bbox 0 0 1480 4890; x_wconf 95' lang='lat' dir='ltr'> </span> 
     </span>
    </p>
   </div>
  </div>
 </body>
</html>
