2918 4890
551 254 864 319 COLVTHI.
1198 261 1260 323 221

157 455 269 516 autem
285 469 354 514 ιιοιι
368 446 475 536 possit
498 469 568 513 non
592 444 637 512 ad
658 447 812 537 superius
836 445 1055 530 attererent,
1081 448 1128 515 iiii
1151 458 1262 518 autem

156 551 251 640 quod
270 549 437 616 adiectum
457 557 508 616 est
522 550 566 622 κε’
582 571 650 616 non
671 548 759 617 bene
777 549 969 635 conveniat,
992 560 1084 618 recte
1106 551 1189 623 mihi
1210 555 1262 621 vi-

156 655 240 721 deor
254 652 414 739 iudicare,
441 652 550 719 alieno
565 652 641 719 loco
658 651 821 720 intrusum
834 676 907 733 esse
924 652 1014 721 huuc
1031 676 1175 725 versum.
1207 657 1262 724 Eo

154 757 233 823 hinc
249 757 376 823 reiecto
391 764 468 822 ante
484 755 633 846 primum
649 778 767 823 eorum
789 778 874 847 quos
898 757 1059 848 apposui,
1085 759 1173 826 bene
1197 758 1262 827 ha-

154 860 248 928 bebit
262 860 374 948 loono,
400 859 447 925 ita
461 881 548 926 nexa
562 858 730 927 oratione:
840 850 844 857 ’

207 1012 268 1085 οἶα
285 1013 340 1091 δέ
369 1010 566 1099 χαλκείοισι
582 1012 817 1135 καλυψαμένη
832 1005 925 1106 χρόα
939 1011 1108 1098 πέπλοις,

207 1115 268 1188 οἶα
287 1141 330 1185 ου
322 1107 505 1193 κυδιάεις
525 1108 744 1215 ανεμοίλιος,
766 1109 990 1213 Ασρυτοίνη.

153 1268 247 1337 Nihil
263 1267 331 1335 vitii
348 1267 421 1335 est
412 1289 446 1334 ιιι
460 1266 539 1335 illis:

164 1405 169 1417 ’
205 1415 397 1514 ἀγνώσσεις
413 1416 472 1492 ὅτι
490 1420 629 1512 μᾶλλον
647 1417 832 1502 οίναλκίδες
847 1420 935 1495 εἰσίν
944 1419 1116 1519 Ἀθῆναι

204 1530 305 1596 κοῖαι
315 1576 329 1611 ,
357 1522 609 1612 κυδαλίμοισιν
623 1519 868 1616 οἷγαλλόμεναι
884 1528 1096 1617 πολέμοισι,

205 1626 422 1720 κεκριμένων
438 1627 575 1716 μελέων
591 1622 675 1698 οὔτ’
691 1624 837 1720 ἄρσενες
849 1625 936 1700 οὔτε
951 1633 1123 1718 γυναῖκες.

154 1778 259 1864 Quod
281 1777 438 1862 Graeiio,
468 1769 655 1846 acutissimo
680 1778 836 1870 leporum
860 1786 894 1846 et
916 1780 1096 1847 venustatis
1121 1781 1259 1866 arbitro,

152 1877 316 1978 Αθῆναι
340 1904 407 1949 non
415 1879 624 1968 Minervae,
651 1880 713 1950 sed
734 1881 814 1950 urbs
835 1879 1046 1950 Athenarum
1072 1906 1146 1952 esse
1167 1885 1259 1954 visae

152 1992 246 2070 sunt,
267 1983 486 2052 vehementer
501 1986 616 2056 miror.

257 2087 298 2158 V.
314 2085 400 2156 189.
428 2111 457 2155 e.
474 2087 549 2155 cod.
567 2085 655 2154 Mut
669 2085 904 2177 reponendum
919 2091 1041 2164 τοῖον,
1069 2096 1150 2159 etv
1172 2086 1257 2157 197.

154 2188 192 2270 ὂς
211 2182 299 2263 τότε
316 2212 381 2280 pro
396 2186 434 2270 ὅς
450 2216 541 2262 ποτε
549 2243 563 2278 ,
592 2189 708 2280 quod
699 2198 851 2283 ineptum
868 2197 954 2260 est.¹
980 2187 1022 2257 V.
1043 2186 1128 2259 200.

204 2341 314 2438 νῆας,
338 2339 380 2422 dc
399 2337 463 2415 ου’κ
479 2333 602 2438 ἐνόησε
619 2339 678 2413 καί
693 2337 758 2415 οὐκ
772 2339 921 2440 ἤσκησεν
936 2334 1090 2440 Ἀθήνη.

151 2493 341 2562 Werrrikius
358 2518 462 2585 quum
478 2494 523 2562 ad
537 2493 729 2587 Tryphiod.
746 2519 782 2588 p.
795 2494 856 2563 43.
876 2491 970 2563 haud
986 2503 1181 2564 cunctanter
1195 2491 1258 2569 ἅτ’

152 2597 367 2665 scribendum
382 2598 474 2684 dixit,
501 2607 610 2667 metro
626 2599 743 2667 melius
764 2622 866 2690 quam
880 2599 1061 2667 sententiae
1081 2600 1257 2668 consuluit.

152 2701 270 2768 Vacua
288 2701 368 2769 vitio
390 2710 441 2770 est
462 2701 589 2770 Graetii
605 2703 814 2789 coniectura,
841 2701 955 2769 deleto
976 2701 1063 2796 νῆας
1085 2703 1257 2772 scribentis

153 2811 251 2893 οἵοις,
278 2803 339 2871 sed
354 2813 403 2872 est
424 2803 460 2872 id
475 2803 674 2896 languidius.
726 2805 806 2896 Ego
825 2804 963 2895 quidem
986 2803 1124 2872 credam
1149 2803 1254 2874 Colu-

92 2928 96 2932 ·
152 2907 248 2974 thum
261 2907 304 2977 ,in
322 2906 389 2975 hac
406 2908 556 2999 syllabae
578 2929 735 2976 mensuro
754 2907 897 2978 Hesiodi
919 2907 1112 2999 exemplum
1132 2931 1258 2998 sequu-

152 3018 224 3077 tum
244 3033 325 3080 esse.

255 3113 378 3180 Paride
396 3113 573 3205 navigante
590 3108 649 3185 ἐπ’
672 3110 779 3208 εὐρέα
796 3113 894 3186 saiw
915 3105 1068 3209 γαλήνης
1090 3115 1153 3206 (sic
1168 3114 1258 3184 enim

152 3214 231 3280 iure·
250 3215 393 3287 correxit
411 3216 603 3307 Lennepius
628 3238 661 3285 v.
687 3214 789 3306 204.)
817 3216 922 3283 oritur
941 3225 1143 3310 tempestas,
1168 3242 1258 3309 quae

111 3392 113 3396 ,
153 3338 186 3390 v.
201 3313 287 3383 206.
304 3317 351 3384 sio
366 3317 582 3387 describitur:
631 3405 633 3407 ι

204 3470 335 3565 κυανέη
351 3469 419 3559 μεν
434 3466 595 3601 impure
610 3463 900 3565 ἀναθρώσκουσα
915 3447 1128 3546 θιίλασσα

206 3599 364 3665 ουρανον
379 3568 564 3666 ὀρφναίων
581 3572 703 3646 ελίκοιν
718 3567 873 3702 εζοίρατο
891 3575 1056 3670 δεσμῳ·

204 3671 281 3770 ηδ
298 3669 736 3797 αραμιχθαληίεντοςοῖπ
753 3672 1137 3800 η’ίροςὸμβροηὶεῐσα.
1257 3675 1307 3746 18

204 3770 361 3875 ε’κλυσθη
378 3779 474 3852 δίκε
493 3771 626 3860 πόντος
643 3781 919 3874 ερεσσομίνοιν’
902 3773 1070 3878 ερεκοίιον
1215 3795 1219 3801 ’

152 3928 247 3998 Nihil
264 3953 327 3997 neo
341 3931 519 4000 varietates
537 3931 721 4024 scripturae
735 3940 894 4025 prosunt,
913 3955 977 3999 neo
990 3955 1078 4022 quae
1092 3931 1164 4001 visa
1177 3932 1254 4000 viris

152 4031 260 4100 doctis
278 4041 329 4101 e'st
341 4034 461 4103 lacuna
473 4058 546 4103 esse
560 4045 636 4104 ante
649 4036 802 4104 ultimum
822 4036 973 4106 verbum.
1021 4035 1141 4104 Manet
1157 4036 1255 4120 enim,
1279 4043 1283 4053 “

151 4135 269 4203 utalia
287 4145 417 4205 taceam
425 4192 439 4226 ‚
467 4137 593 4227 duplex
609 4141 830 4230 perversitas,
857 4161 923 4206 una
948 4139 982 4206 in
995 4163 1033 4208 re
1047 4141 1139 4232 ipsa,
1161 4138 1257 4228 quod

151 4262 244 4309 mare
264 4263 440 4336 assurgere
463 4239 584 4309 dicitur
608 4250 642 4311 et
668 4243 798 4313 caelum
820 4243 915 4310 tortis
938 4243 1087 4341 nubibus-
1107 4242 1255 4336 cingere,
