2918 4890
437 311 489 375 DE
507 306 693 375 MENSVRA
708 305 930 384 vulustvu
950 301 999 372 dv·
1208 311 1273 376 S't'l
1370 327 1378 347 ·’

167 502 212 570 de
232 506 305 592 'quo
330 501 460 570 monuit
474 523 585 592 nuper
599 499 794 569 Dindorfins
809 499 855 566 ad
868 494 1044 590 Aristoph.
1061 493 1166 591 Vesp.
1182 495 1268 570 228.

167 606 260 674 Tum
273 604 396 675 CXVI.
413 600 482 693 35,
501 601 537 676 u.
562 605 597 672 in
610 603 814 697 Apollodori
827 602 1003 672 Lacaena:

270 757 323 856 τῷ
337 757 376 832 δὲ
390 757 504 856 πατρὶ
518 751 609 856 πρός
621 749 689 831 τόν
704 749 804 838 υἱόν,
833 753 879 830 ἄν
894 750 1097 851 ἀγνωμονῇ.

167 912 253 983 ltem
267 912 359 982 xcl.
375 911 443 1001 la,
470 911 504 981 3.
530 912 566 981 in
579 910 784 981 Philemonis
796 910 998 1010 Πτέρυξινε

270 1057 446 1165 α’ργύριόν
461 1068 557 1139 ἐστι·
580 1062 694 1138 τοῦτο
717 1059 751 1138 δ’
768 1061 813 1138 oio
829 1064 926 1162 ἔχῃς,
953 1062 1052 1159 ir'yr·

169 1220 229 1291 nisi
254 1221 346 1342 quis„
354 1220 402 1287 ibi
420 1217 604 1346 praesent
630 1216 783 1286 editionis
806 1217 1097 1289 'liincavellianae
1121 1215 1273 1309 scriptu-

112 1310 119 1317 ’
169 1347 243 1392 ram
275 1318 382 1396 τοῦτ
411 1316 475 1394 icio
509 1321 597 1416 ἔχῃς.
653 1320 694 1388 In
727 1320 863 1390 Sotadis
894 1343 994 1390 versu
1020 1318 1178 1392 xcvlli.
1214 1319 1273 1390 10.

112 1445 117 1456 ⁸
158 1429 272 1515 vquern
307 1446 376 1492 non
408 1430 503 1490 recte
535 1411 753 1491 emendari‘
743 1446 779 1491 ιιι
803 1424 913 1492 Elem.
937 1422 1044 1494 doctr.
1069 1429 1166 1491 metr.
1190 1446 1275 1517 pag.

169 1526 292 1599 447.
283 1549 317 1594 ιιι
343 1547 412 1616 qno
434 1523 622 1618 legiturve
643 1518 707 1598 icio
726 1521 769 1622 ἦ,
794 1524 1011 1596 scribendum
1023 1523 1173 1594 videtur
1258 1533 1260 1537 ’

274 1671 433 1772 ἁγαθός,
459 1668 781 1783 oripvq'c,·.dr'ccroc
789 1731 804 1768 ,
829 1670 979 1775 εὐτυχής
995 1669 1059 1751 tur
1073 1671 1107 1774 ᾗ.

172 1831 274 1902 Certe
297 1829 367 1898 hoc
392 1829 462 1898 veri
486 1828 641 1915 similius,
674 1852 778 1920 quam
804 1801 874 1921 quo
898 1831 976 1922 ipso
1008 1852 1147 1920 quoque
1172 1835 1275 1899 staret

170 1943 331 2021 metrum,
368 1926 517 2030 ιυτυχὴς
541 1959 597 2014 τις
628 1931 674 2006 ἄν
704 1927 737 2031 ἦ.
799 1932 872 2004 Sed
903 1934 981 2003 satis
1007 1931 1052 2003 de
1078 1933 1279 2024 quaestione·

169 2062 259 2130 pene
284 2035 435 2105 ridicula.

272 2139 482 2233 Progredior
511 2135 616 2207 ad
591 2164 637 2211 αν
668 2139 861 2230 potentiale.
927 2139 983 2209 De
1016 2137 1086 2208 eius
1118 2118 1277 2208 mensura

170 2257 252 2314 nort*
265 2252 401 2335 arrepto
426 2251 553 2310 temere
578 2264 646 2310 uno
672 2251 775 2332 atque
800 2245 907 2312 altero
933 2243 1112 2334 exemplo,
1139 2241 1201 2311 scd
1221 2243 1276 2311 di-

170 2349 315 2440 ligenter
341 2345 489 2414 collectis
509 2346 668 2415 similibus
692 2346 911 2438 adhibitaque
936 2347 1007 2416 lide
1032 2346 1195 2414 librorum
1214 2346 1276 2415 du-

170 2451 367 2520 bitationem
391 2450 495 2517 rnovit
528 2448 573 2517 G.
599 2447 794 2518 Dindorlius
822 2451 934 2543 primo
965 2451 1000 2519 in
1032 2449 1070 2519 iis
1097 2473 1185 2540 quae
1206 2450 1276 2519 So-

171 2554 288 2647 phocli
312 2577 346 2646 p.
359 2546 410 2619 56
428 2576 499 2643 seq.
525 2561 597 2620 tum
618 2574 706 2642 quac
719 2553 892 2645 Aeschylo
917 2554 1088 2644 praefatus
1115 2562 1165 2622 est
1185 2577 1220 2645 p
1238 2546 1274 2623 5.

171 2680 284 2748 nuper
325 2665 437 2725 autem
471 2655 604 2747 plenius
640 2664 742 2746 atque
774 2657 1010 2750 explicatius
1000 2680 1036 2724 m
1065 2657 1276 2747 praefatione

170 2770 349 2852 poetarum
374 2759 584 2828 scenicorum
607 2781 642 2850 p.
667 2758 692 2830 Ί
714 2782 809 2851 seqq.
860 2761 975 2849 Atque
1001 2759 1109 2826 attulit
1132 2760 1189 2828 hic
1215 2782 1276 2828 ex-

172 2865 288 2955 empla
321 2862 550 2954 productionis
585 2861 782 2950 duodecim,
817 2865 970 2956 speciosa
1000 2863 1129 2949 omnia,
1171 2885 1277 2931 unum

171 2977 284 3036 autem
310 2966 493 3063 eiusmodi,
522 2974 560 3034 ut
590 2965 646 3034 vel
671 2965 886 3036 audaciorem
911 2966 1061 3034 criticum
1088 2966 1276 3034 absterrere

172 3071 216 3137 ab
248 3050 460 3138 emendando
491 3068 608 3161 possit.
667 3069 739 3138 Sed
770 3079 884 3139 tamen
918 3070 945 3138 si
972 3069 1027 3138 vel
1049 3068 1277 3160 duplicaretur
1384 3058 1388 3067 ’

171 3174 233 3243 iste
264 3195 440 3259 nomem,
475 3173 557 3262 quid
590 3181 660 3240 tam
690 3196 801 3266 pauca
826 3174 983 3266 exempla
1008 3172 1168 3241 adversus
1197 3173 1276 3240 mil·
1369 3231 1373 3242 .
1410 3180 1413 3187 “

172 3277 249 3344 lena
276 3276 334 3345 illa
358 3276 563 3362 valerent,
553 3298 590 3342 ιιι
615 3274 736 3364 quibus
761 3279 927 3368 particula
951 3277 1015 3368 ista
1040 3275 1232 3369 correpta
1222 3298 1276 3342 ιιι-

172 3378 327 3446 veuitu'r?
359 3378 422 3444 Est
446 3377 515 3445 hoc
539 3378 587 3444 ita
613 3387 863 3469 comparatum,
889 3387 927 3447 ut
951 3402 1067 3448 omues
1086 3379 1158 3448 reri
1183 3378 1276 3447 simi-

172 3481 317 3549 litudinis
342 3482 425 3548 fines
452 3479 609 3548 excedat:
641 3481 855 3571 clevatnrque
881 3483 982 3552 etiam
1004 3505 1064 3569 eo,
1089 3480 1184 3572 quod
1208 3503 1277 3549 non

171 3585 333 3677 pauciora
349 3584 489 3652 aliarum
500 3584 714 3675 reperiuntur
734 3586 973 3678 particularum
988 3585 1161 3676 exempla,
1188 3606 1275 3673 qua-

172 3690 221 3756 les
241 3696 318 3756 sunt
337 3688 425 3779 μέν,
452 3680 540 3782 γάρ,
566 3685 667 3782 πρίν,
696 3712 784 3778 quae
814 3689 997 3782 scripturae
1022 3687 1276 3781 perturbatione

171 3791 228 3859 hic
253 3791 319 3858 iilic
345 3791 392 3858 sic
417 3792 547 3882 positae
574 3799 664 3877 sunt,
692 3801 728 3860 ut
752 3794 882 3885 possint
907 3790 1088 3882 aliquando
1113 3813 1178 3883 pro
1198 3791 1275 3858 lon-

172 3894 224 3986 gis
246 3894 382 3962 habitae
405 3893 522 3980 videri.
575 3894 648 3963 Sed
672 3903 802 3983 tamen,
829 3897 856 3965 si
876 3897 949 3986 quis
975 3893 1166 3986 analogiam
1192 3904 1276 3960 con-

173 3994 313 4083 sideret,
347 4020 404 4066 eas
437 3997 575 4086 quidem
604 4022 692 4088 quae
730 4009 850 4069 natura
884 4001 1008 4091 longae
1044 4005 1119 4066 sunt
1151 3995 1276 4088 corripi
1357 3986 1360 4007 '
1447 3998 1451 4005 '

171 4101 355 4187 interdum,
388 4108 425 4168 ut
447 4095 511 4174 cdv
520 4155 534 4190 ,
569 4100 820 4194 deprehendet,
850 4127 918 4172 ιιοιι
943 4112 1056 4171 autem
1082 4123 1170 4190 quae
1195 4101 1277 4168 bre-

172 4227 233 4275 ves,
267 4212 388 4272 natura
421 4213 497 4272 sunt
530 4205 650 4296 longas
686 4207 776 4294 fieri,
814 4207 876 4275 nisi
910 4206 998 4274 forte
1031 4205 1126 4296 apud
1162 4203 1305 4295 epicos,

173 4307 296 4376 alicubi
332 4315 475 4401 propter
505 4308 603 4378 metri
635 4309 830 4380 rationem...
871 4309 944 4380 Sed
973 4330 1101 4404 operae
1132 4307 1279 4400 pretium
