2918 4890
472 301 947 363 nrssuerarro
1189 307 1255 370 255

146 497 200 564 llli
217 517 299 562 vero
318 516 475 560 arcanam
499 493 664 560 rationem
684 491 775 558 domi
800 489 947 581 habent,
974 491 1033 582 qui
1053 493 1153 561 etiam
1173 493 1252 562 llia-
1361 582 1363 586 ι
1397 469 1400 475 ’

147 601 243 686 dem,
270 600 345 690 ipso
365 598 504 664 mirante
520 596 600 685 quid
624 596 753 662 nescius
777 596 948 686 scripserit
965 597 1136 682 Homero,
1157 599 1252 665 trilo-
1320 683 1322 690 ἲ

147 705 238 795 giam
254 724 336 783 esse,
364 699 409 767 ad
424 700 561 787 eiusque
575 689 766 789 eiremplum
782 721 856 766 suas
866 700 1029 766 invenisse
1044 700 1251 790 Aeschylum

147 806 296 895 trilogias
312 803 428 870 sciunt.
481 803 528 869 At
544 826 600 870 eas
614 802 781 868 finxerunt
795 802 869 893 ipsi.
922 803 1012 868 Nam
1027 803 1108 870 duas
1123 813 1252 871 tantum
1358 799 1365 834 ²

149 911 218 976 eius
242 908 374 999 generis
404 906 554 996 trilogias
583 899 746 994 Aeschyli
771 915 862 986 certo
895 907 1045 996 cognitas
1075 907 1252 994 habemus,

149 1011 342 1093 Oresteam,
375 1010 590 1100 superstitem
611 1008 740 1092 adhuc,
774 1016 808 1074 et
831 1008 1050 1099 Lycurgiam.
1103 1010 1253 1102 Fuerqnt

148 1115 295 1182 fortassis
313 1113 413 1179 etiam
433 1113 538 1179 aliae:
565 1110 626 1178 sed
641 1134 757 1178 omnes
772 1110 817 1176 ad
833 1133 911 1178 eum
926 1112 1067 1179 modum
1082 1115 1253 1204 composi·

147 1226 198 1285 tas
215 1218 317 1284 fnisse
327 1238 389 1282 nec
402 1214 562 1282 traditum
575 1236 776 1304 aquoquam
792 1222 945 1281 veterum
959 1215 1163 1306 accepimus,
1189 1239 1253 1283 nec

147 1344 270 1411 perse
294 1319 399 1385 simile
422 1319 493 1385 veri
521 1327 581 1390 est.
635 1320 712 1385 Non
736 1327 914 1384 tenuerunt
940 1327 1030 1384 certe
1054 1320 1108 1385 alii
1130 1329 1252 1409 poetae

148 1426 244 1490 istam
260 1423 443 1504 rationem,
470 1431 570 1509 atque
585 1421 657 1510 ipse
674 1420 760 1487 adeo
773 1415 969 1514 'Aeschylus
987 1443 1054 1489 uno
1070 1423 1253 1512 complexu

148 1527 252 1593 iunxit
277 1525 460 1609 Phineum,
499 1525 636 1605 Persas,
672 1523 840 1590 Glaucum
870 1523 1101 1611 Potuieusem‚
1137 1525 1253 1592 addito

148 1627 353 1697 Prometheo
369 1627 523 1717 satyrico.
560 1627 681 1714 Neque
696 1628 784 1693 enim
795 1649 880 1717 opus
897 1650 970 1694 esse
987 1627 1139 1711 arbitror,
1166 1650 1254 1717 quae
1341 1702 1343 1707 λ

150 1733 193 1799 de
209 1733 331 1799 horum
345 1739 618 1821 argumentorum
635 1729 848 1797 cohaerentia
860 1731 993 1820 prolata
1008 1739 1082 1796 sunt
1095 1731 1253 1798 refutare.

151 1834 296 1903 Omnino
316 1842 427 1899 autem
447 1855 641 1924 perpaucae
661 1833 834 1924 trilogiae,
863 1834 1002 1927 quaein
1025 1835 1121 1900 unius
1141 1857 1247 1926 argu-

149 1939 252 2006 menti
278 1936 506 2026 perpetuitate
534 1935 754 2021 constiterint,
788 1944 1035 2003 memorantur:
1063 1936 1106 2003 de
1131 1959 1253 2025 quare

150 2041 303 2108 disseruit
324 2039 504 2107 Silvernius
520 2039 555 2104 in
568 2039 709 2129 egregia
727 2039 1024 2119 commentatione,
1050 2061 1152 2127 quam
1173 2039 1253 2105 scri-

85 2200 89 2210 .
148 2145 216 2234 psit
233 2142 276 2209 de
293 2141 450 2208 dramatis
471 2140 585 2208 indole
605 2140 778 2226 historica,
804 2164 839 2231 p.
860 2139 919 2206 38.
937 2140 998 2211 43.
1013 2137 1074 2211 45.
1126 2141 1278 2230 Itaque5

149 2249 213 2315 ista
233 2246 362 2311 ratione
386 2244 468 2311 nihil
488 2244 657 2331 assequuti
679 2241 849 2328 videntur,
876 2243 937 2310 nisi
961 2251 998 2310 ut
1013 2243 1162 2334 potuisse
1184 2253 1253 2311 tres
1329 2281 1331 2286 ν

149 2346 373 2418 Prometheos
393 2346 639 2436 comprehendi
653 2369 720 2412 una
739 2346 874 2437 trilogia
889 2346 1105 2418 concedatur.

252 2449 325 2517 Sed
353 2449 479 2516 habent
512 2448 620 2532 aliud.
666 2449 914 2539 Philosophum
938 2449 1041 2517 fuisse
1070 2449 1160 2517 aiunt
1181 2449 1254 2517 Ae-

152 2552 317 2641 schylum,
344 2553 402 2640 qui
418 2551 511 2640 quod
527 2551 731 2643 profundam
744 2553 836 2618 illam
856 2553 1063 2642 sapientiam,
1091 2575 1178 2641 quae
1194 2576 1255 2620 an·

150 2656 249 2743 tiquis
266 2656 309 2723 de
327 2655 531 2722 Prometheo
547 2655 671 2722 fabulis
682 2657 926 2743 contineretur,
950 2657 1118 2747 explicare
1134 2657 1255 2722 volue-

150 2759 208 2843 rit,
231 2761 346 2826 nonin
366 2768 469 2849 parte,
481 2759 550 2826 eius
566 2758 676 2845 aliqua
691 2759 838 2849 potuerit
853 2758 1052 2842 consistere,
1082 2759 1143 2825 sed
1158 2780 1254 2825 com-

150 2861 364 2952 prehendere
379 2870 485 2928 totam
501 2860 661 2932 debuerit.
703 2861 780 2927 Hoc
798 2883 902 2949 quum
919 2860 1042 2946 dicunt,
1067 2860 1159 2928 idem
1173 2861 1255 2928 mihi

150 2964 305 3033 ridentur
318 2967 442 3051 facere,
470 2963 562 3053 quod
579 2965 658 3030 olim
675 2964 886 3055 grammatici
901 2963 1038 3052 quidam
1053 2964 1087 3030 in
1104 2961 1255 3032 Homero

151 3067 283 3153 fecere„
310 3091 414 3156 quum
441 3068 558 3135 lovem
588 3067 776 3155 aetherem,
802 3068 965 3134 lunonem
983 3073 1096 3134 a'e‘rem
1115 3068 1255 3135 inferio-

69 3213 74 3224 .
151 3191 245 3254 rem,
271 3179 371 3257 atque
389 3172 470 3237 alios
493 3171 575 3237 deos
594 3171 658 3236 alia
675 3194 747 3238 esse
764 3171 1018 3237 contenderunt.
1070 3171 1149 3237 Non
1165 3193 1255 3262 nego

153 3271 291 3360 quidem
312 3295 397 3363 ego,
424 3274 540 3361 quiqui
558 3273 650 3340 illam
666 3273 817 3339 fabulam
830 3273 886 3339 vel
901 3274 1097 3340 invenerunt
1116 3275 1171 3340 vel
1186 3296 1256 3340 am-

151 3376 240 3466 plius
258 3384 474 3459 exornarunt,
500 3397 569 3442 non
586 3375 622 3441 id
642 3385 770 3443 temere
787 3384 845 3441 aut
867 3376 965 3442 stulte
987 3376 1126 3444 fecisse:
1152 3377 1256 3443 immo

153 3487 188 3544 et
204 3477 304 3545 video
319 3487 353 3544 et
374 3477 483 3543 fateor
504 3479 726 3545 sollertissime
750 3501 823 3546 esse
847 3486 880 3543 et
895 3479 1134 3568 sapientissime
1153 3500 1257 3547 exco-

152 3582 311 3672 gitatam:
339 3579 383 3647 de
409 3603 475 3668 qua
497 3602 534 3646 re
557 3579 651 3647 haud
674 3581 791 3671 paullo
817 3581 1053 3649 consideratius
1076 3605 1178 3670 quam
1202 3581 1257 3647 alii

154 3685 284 3775 scripsit
297 3683 428 3751 Baurus
435 3685 469 3750 in
480 3685 663 3752 Annalibus
670 3685 729 3751 litt.
744 3684 1087 3776 Heidelbergensibus
1103 3708 1131 3750 a.
1146 3680 1255 3754 1826.
1302 3762 1305 3769 ,

57 3828 62 3833 -
96 3824 100 3830 ·
153 3787 233 3854 fasc.
250 3788 307 3854 Vl.
323 3810 359 3878 p.
375 3784 449 3853 691
467 3810 561 3875 seqq.
580 3787 640 3854 sed
657 3788 863 3879 aliudlonge
878 3798 928 3856 est
944 3788 1078 3855 fabulae
1094 3788 1269 3860 rationem.
1312 3814 1316 3819 ’

154 3911 342 3980 exponere,
379 3889 471 3956 aliud
491 3891 660 3982 explicare
685 3892 857 3958 consilium
882 3901 1023 3982 poetae,
1058 3889 1257 3980 praesertim

154 3993 296 4078 scenici,
324 3994 381 4082 qui
396 4015 463 4060 non
480 3991 622 4080 docere,
649 3995 710 4063 sed
723 3995 858 4086 placere
871 3993 1022 4084 populo,
1050 4003 1123 4076 aut,
1150 3994 1177 4062 si
1191 3992 1257 4060 do-

155 4118 252 4180 cere,
279 4117 346 4161 non
368 4096 491 4162 docere
514 4120 578 4186 per
600 4099 789 4190 aenigmata
808 4097 982 4164 abstrusae
1002 4097 1175 4164 cuiusdam
1202 4098 1257 4162 sa*

153 4194 317 4289 pientiae,
344 4197 405 4265 sed
418 4199 570 4288 pervisa
585 4202 804 4285 constantiae,
830 4198 1043 4281 fortitudinis,
1070 4200 1169 4267 animi
1184 4221 1266 4265 ma·-
1321 4260 1323 4264 Α

153 4301 334 4392 gnitudinis
350 4301 508 4392 exempla
523 4302 612 4371 velit.
652 4304 709 4375 Ab
725 4326 767 4372 eo
781 4303 952 4395 trilogiam
967 4302 1092 4370 tactam
1108 4301 1258 4386 credere,
