<?xml version="1.0" encoding="UTF-8"?>
<!DOCTYPE html PUBLIC "-//W3C//DTD XHTML 1.0 Transitional//EN"
    "http://www.w3.org/TR/xhtml1/DTD/xhtml1-transitional.dtd">
<html xmlns="http://www.w3.org/1999/xhtml" xml:lang="en" lang="en">
 <head>
  <title>
</title>
<meta http-equiv="Content-Type" content="text/html;charset=utf-8" />
  <meta name='ocr-system' content='tesseract 3.04.00' />
  <meta name='ocr-capabilities' content='ocr_page ocr_carea ocr_par ocr_line ocrx_word'/>
</head>
<body>
  <div class='ocr_page' id='page_1' title='image "./opuscula10hermgoog/opuscula10hermgoog_0153.png"; bbox 0 0 2918 4890; ppageno 0'>
   <div class='ocr_carea' id='block_1_1' title="bbox 204 273 977 349">
    <p class='ocr_par' dir='ltr' id='par_1_1' title="bbox 204 273 977 349">
     <span class='ocr_line' id='line_1_1' title="bbox 204 273 977 349; baseline 0.014 -16"><span class='ocrx_word' id='word_1_1' title='bbox 204 287 269 349; x_wconf 80' lang='lat'><strong><em>142</em></strong></span> <span class='ocrx_word' id='word_1_2' title='bbox 542 279 599 340; x_wconf 83' lang='lat' dir='ltr'><strong><em>DE</em></strong></span> <span class='ocrx_word' id='word_1_3' title='bbox 635 279 908 343; x_wconf 75' lang='lat' dir='ltr'>PARTICVLA</span> <span class='ocrx_word' id='word_1_4' title='bbox 930 273 977 344; x_wconf 81' lang='grc' dir='ltr'><strong><em>δν</em></strong></span> 
     </span>
    </p>
   </div>
   <div class='ocr_carea' id='block_1_2' title="bbox 133 467 1158 722">
    <p class='ocr_par' dir='ltr' id='par_1_2' title="bbox 133 467 1158 722">
     <span class='ocr_line' id='line_1_2' title="bbox 205 467 468 558; baseline -0.019 -14"><span class='ocrx_word' id='word_1_5' title='bbox 205 471 322 546; x_wconf 91' lang='lat' dir='ltr'><strong>etOd.</strong></span> <span class='ocrx_word' id='word_1_6' title='bbox 339 480 366 558; x_wconf 84' lang='grc' dir='ltr'><strong><em>ζ.</em></strong></span> <span class='ocrx_word' id='word_1_7' title='bbox 383 467 468 540; x_wconf 99' lang='grc'><strong>286.</strong></span> 
     </span>
     <span class='ocr_line' id='line_1_3' title="bbox 133 590 1158 722; baseline -0.005 -24"><span class='ocrx_word' id='word_1_8' title='bbox 133 590 135 595; x_wconf 49' lang='lat'>&gt;</span> <span class='ocrx_word' id='word_1_9' title='bbox 159 612 166 621; x_wconf 49' lang='lat'><strong><em>⁴</em></strong></span> <span class='ocrx_word' id='word_1_10' title='bbox 307 624 366 698; x_wconf 83' lang='grc' dir='ltr'><strong><em>καὶ</em></strong></span> <span class='ocrx_word' id='word_1_11' title='bbox 382 622 417 699; x_wconf 75' lang='grc' dir='ltr'><strong><em>δ’</em></strong></span> <span class='ocrx_word' id='word_1_12' title='bbox 431 623 521 722; x_wconf 79' lang='grc' dir='ltr'><strong><em>ἄλλῃ</em></strong></span> <span class='ocrx_word' id='word_1_13' title='bbox 536 622 694 717; x_wconf 74' lang='grc' dir='ltr'><strong><em>νεμεσοῖ,</em></strong></span> <span class='ocrx_word' id='word_1_14' title='bbox 721 619 800 720; x_wconf 81' lang='grc' dir='ltr'><strong><em>ἥτις</em></strong></span> <span class='ocrx_word' id='word_1_15' title='bbox 818 618 977 696; x_wconf 77' lang='grc' dir='ltr'><strong><em>τοιαότό</em></strong></span> <span class='ocrx_word' id='word_1_16' title='bbox 995 651 1036 718; x_wconf 75' lang='grc' dir='ltr'><strong><em>με</em></strong></span> <span class='ocrx_word' id='word_1_17' title='bbox 1052 625 1158 722; x_wconf 86' lang='grc' dir='ltr'><strong><em>ῥέζοι.</em></strong></span> 
     </span>
    </p>
   </div>
   <div class='ocr_carea' id='block_1_3' title="bbox 146 777 1316 1493">
    <p class='ocr_par' dir='ltr' id='par_1_3' title="bbox 146 777 1316 1493">
     <span class='ocr_line' id='line_1_4' title="bbox 204 777 1315 868; baseline 0 -18"><span class='ocrx_word' id='word_1_18' title='bbox 204 780 336 868; x_wconf 81' lang='lat' dir='ltr'>Quibus</span> <span class='ocrx_word' id='word_1_19' title='bbox 352 779 388 847; x_wconf 90' lang='lat' dir='ltr'><strong><em>in</em></strong></span> <span class='ocrx_word' id='word_1_20' title='bbox 408 780 490 848; x_wconf 89' lang='lat' dir='ltr'>iocis</span> <span class='ocrx_word' id='word_1_21' title='bbox 510 780 714 849; x_wconf 88' lang='lat' dir='ltr'><strong><em>Schaeferus</em></strong></span> <span class='ocrx_word' id='word_1_22' title='bbox 735 778 770 845; x_wconf 89' lang='lat' dir='ltr'><strong><em>in</em></strong></span> <span class='ocrx_word' id='word_1_23' title='bbox 789 777 908 845; x_wconf 92' lang='lat' dir='ltr'><strong>Melet.</strong></span> <span class='ocrx_word' id='word_1_24' title='bbox 926 777 997 845; x_wconf 88' lang='lat' dir='ltr'><strong>crit.</strong></span> <span class='ocrx_word' id='word_1_25' title='bbox 1015 801 1052 868; x_wconf 90' lang='lat' dir='ltr'><strong><em>p.</em></strong></span> <span class='ocrx_word' id='word_1_26' title='bbox 1072 778 1158 847; x_wconf 86' lang='grc'><strong>122.</strong></span> <span class='ocrx_word' id='word_1_27' title='bbox 1175 783 1315 850; x_wconf 87' lang='lat' dir='ltr'>coniun-</span> 
     </span>
     <span class='ocr_line' id='line_1_5' title="bbox 205 881 1315 975; baseline 0 -22"><span class='ocrx_word' id='word_1_28' title='bbox 205 887 327 953; x_wconf 81' lang='lat' dir='ltr'>ctivum</span> <span class='ocrx_word' id='word_1_29' title='bbox 342 884 463 975; x_wconf 88' lang='lat' dir='ltr'><strong>reponi</strong></span> <span class='ocrx_word' id='word_1_30' title='bbox 480 885 626 952; x_wconf 88' lang='lat' dir='ltr'><strong>volebat.</strong></span> <span class='ocrx_word' id='word_1_31' title='bbox 664 884 710 950; x_wconf 87' lang='lat' dir='ltr'><strong><em>At</em></strong></span> <span class='ocrx_word' id='word_1_32' title='bbox 723 890 816 950; x_wconf 91' lang='lat' dir='ltr'><strong>recte</strong></span> <span class='ocrx_word' id='word_1_33' title='bbox 833 881 960 948; x_wconf 89' lang='lat' dir='ltr'>dictum</span> <span class='ocrx_word' id='word_1_34' title='bbox 974 883 1084 974; x_wconf 87' lang='grc' dir='ltr'><strong><em>ῥέζοι,</em></strong></span> <span class='ocrx_word' id='word_1_35' title='bbox 1110 884 1196 951; x_wconf 90' lang='lat' dir='ltr'>utin</span> <span class='ocrx_word' id='word_1_36' title='bbox 1213 885 1315 972; x_wconf 86' lang='lat' dir='ltr'>facto,</span> 
     </span>
     <span class='ocr_line' id='line_1_6' title="bbox 146 983 1314 1080; baseline 0.001 -25"><span class='ocrx_word' id='word_1_37' title='bbox 146 1060 149 1067; x_wconf 56' lang='grc'><strong><em>,</em></strong></span> <span class='ocrx_word' id='word_1_38' title='bbox 204 988 297 1080; x_wconf 88' lang='lat' dir='ltr'>quod</span> <span class='ocrx_word' id='word_1_39' title='bbox 312 988 385 1076; x_wconf 83' lang='lat' dir='ltr'>quis</span> <span class='ocrx_word' id='word_1_40' title='bbox 401 997 511 1055; x_wconf 89' lang='lat' dir='ltr'>sumat</span> <span class='ocrx_word' id='word_1_41' title='bbox 522 989 606 1074; x_wconf 88' lang='lat' dir='ltr'><strong><em>fieri,</em></strong></span> <span class='ocrx_word' id='word_1_42' title='bbox 631 1008 697 1079; x_wconf 88' lang='lat' dir='ltr'><strong><em>pro</em></strong></span> <span class='ocrx_word' id='word_1_43' title='bbox 720 986 825 1080; x_wconf 89' lang='grc' dir='ltr'><strong><em>ῥέζει,</em></strong></span> <span class='ocrx_word' id='word_1_44' title='bbox 852 983 946 1074; x_wconf 91' lang='lat' dir='ltr'>quod</span> <span class='ocrx_word' id='word_1_45' title='bbox 964 993 1052 1052; x_wconf 89' lang='lat' dir='ltr'><strong><em>esset</em></strong></span> <span class='ocrx_word' id='word_1_46' title='bbox 1065 985 1109 1053; x_wconf 92' lang='lat' dir='ltr'><strong><em>de</em></strong></span> <span class='ocrx_word' id='word_1_47' title='bbox 1126 1011 1206 1055; x_wconf 87' lang='lat' dir='ltr'><strong>vere</strong></span> <span class='ocrx_word' id='word_1_48' title='bbox 1224 989 1314 1056; x_wconf 88' lang='lat' dir='ltr'>facte</span> 
     </span>
     <span class='ocr_line' id='line_1_7' title="bbox 204 1085 1315 1187; baseline 0.002 -28"><span class='ocrx_word' id='word_1_49' title='bbox 204 1092 340 1160; x_wconf 89' lang='lat' dir='ltr'>dictum.</span> <span class='ocrx_word' id='word_1_50' title='bbox 391 1085 495 1187; x_wconf 83' lang='grc' dir='ltr'><strong><em>Ῥέζῃ</em></strong></span> <span class='ocrx_word' id='word_1_51' title='bbox 512 1091 603 1159; x_wconf 90' lang='lat' dir='ltr'><strong><em>enim</em></strong></span> <span class='ocrx_word' id='word_1_52' title='bbox 617 1090 662 1158; x_wconf 86' lang='lat' dir='ltr'><strong><em>ad</em></strong></span> <span class='ocrx_word' id='word_1_53' title='bbox 674 1089 823 1157; x_wconf 87' lang='lat' dir='ltr'>futurum</span> <span class='ocrx_word' id='word_1_54' title='bbox 842 1088 1040 1174; x_wconf 83' lang='lat' dir='ltr'><strong>referretur,</strong></span> <span class='ocrx_word' id='word_1_55' title='bbox 1066 1089 1195 1181; x_wconf 79' lang='lat' dir='ltr'>siquis</span> <span class='ocrx_word' id='word_1_56' title='bbox 1206 1091 1315 1184; x_wconf 78' lang='lat' dir='ltr'><strong><em>sece-</em></strong></span> 
     </span>
     <span class='ocr_line' id='line_1_8' title="bbox 202 1192 1316 1284; baseline -0.001 -19"><span class='ocrx_word' id='word_1_57' title='bbox 202 1195 265 1265; x_wconf 75' lang='lat' dir='ltr'><strong>rit.</strong></span> <span class='ocrx_word' id='word_1_58' title='bbox 319 1193 425 1279; x_wconf 81' lang='lat' dir='ltr'>Quod</span> <span class='ocrx_word' id='word_1_59' title='bbox 440 1196 502 1263; x_wconf 91' lang='lat' dir='ltr'><strong><em>etsi</em></strong></span> <span class='ocrx_word' id='word_1_60' title='bbox 515 1195 584 1264; x_wconf 88' lang='lat' dir='ltr'>istis</span> <span class='ocrx_word' id='word_1_61' title='bbox 600 1195 635 1263; x_wconf 90' lang='lat' dir='ltr'><strong><em>iu</em></strong></span> <span class='ocrx_word' id='word_1_62' title='bbox 648 1194 730 1262; x_wconf 89' lang='lat' dir='ltr'>iocis</span> <span class='ocrx_word' id='word_1_63' title='bbox 744 1192 857 1284; x_wconf 90' lang='lat' dir='ltr'>potuit</span> <span class='ocrx_word' id='word_1_64' title='bbox 871 1192 952 1278; x_wconf 83' lang='lat' dir='ltr'>dici,</span> <span class='ocrx_word' id='word_1_65' title='bbox 980 1214 1048 1259; x_wconf 88' lang='lat' dir='ltr'><strong><em>non</em></strong></span> <span class='ocrx_word' id='word_1_66' title='bbox 1061 1193 1189 1283; x_wconf 83' lang='lat' dir='ltr'>placuit</span> <span class='ocrx_word' id='word_1_67' title='bbox 1202 1204 1316 1264; x_wconf 89' lang='lat' dir='ltr'>tamen</span> 
     </span>
     <span class='ocr_line' id='line_1_9' title="bbox 204 1295 1316 1392; baseline 0.003 -27"><span class='ocrx_word' id='word_1_68' title='bbox 204 1306 349 1392; x_wconf 84' lang='lat' dir='ltr'><strong>poetae,</strong></span> <span class='ocrx_word' id='word_1_69' title='bbox 376 1321 453 1365; x_wconf 87' lang='lat' dir='ltr'><strong><em>eam</em></strong></span> <span class='ocrx_word' id='word_1_70' title='bbox 467 1299 514 1366; x_wconf 88' lang='lat' dir='ltr'><strong><em>ob</em></strong></span> <span class='ocrx_word' id='word_1_71' title='bbox 542 1320 714 1380; x_wconf 86' lang='lat' dir='ltr'>caussam,</span> <span class='ocrx_word' id='word_1_72' title='bbox 741 1296 835 1386; x_wconf 88' lang='lat' dir='ltr'>quod</span> <span class='ocrx_word' id='word_1_73' title='bbox 855 1318 924 1363; x_wconf 90' lang='lat' dir='ltr'><strong><em>non</em></strong></span> <span class='ocrx_word' id='word_1_74' title='bbox 949 1295 993 1363; x_wconf 88' lang='lat' dir='ltr'><strong><em>de</em></strong></span> <span class='ocrx_word' id='word_1_75' title='bbox 1018 1296 1096 1365; x_wconf 84' lang='lat' dir='ltr'>solis</span> <span class='ocrx_word' id='word_1_76' title='bbox 1118 1297 1239 1368; x_wconf 78' lang='lat' dir='ltr'>futuris</span> <span class='ocrx_word' id='word_1_77' title='bbox 1261 1301 1316 1367; x_wconf 90' lang='lat' dir='ltr'><strong><em>lo-</em></strong></span> 
     </span>
     <span class='ocr_line' id='line_1_10' title="bbox 205 1395 1013 1493; baseline 0 -22"><span class='ocrx_word' id='word_1_78' title='bbox 205 1403 382 1492; x_wconf 86' lang='lat' dir='ltr'><strong>quebatur.</strong></span> <span class='ocrx_word' id='word_1_79' title='bbox 435 1401 494 1471; x_wconf 89' lang='lat' dir='ltr'><strong><em>Sic</em></strong></span> <span class='ocrx_word' id='word_1_80' title='bbox 509 1402 609 1470; x_wconf 89' lang='lat' dir='ltr'>etiam</span> <span class='ocrx_word' id='word_1_81' title='bbox 622 1400 816 1493; x_wconf 86' lang='lat' dir='ltr'>Sophocles</span> <span class='ocrx_word' id='word_1_82' title='bbox 828 1400 910 1472; x_wconf 84' lang='lat' dir='ltr'><strong>Ant.</strong></span> <span class='ocrx_word' id='word_1_83' title='bbox 924 1395 1013 1472; x_wconf 90' lang='grc'><strong>666.</strong></span> 
     </span>
    </p>
   </div>
   <div class='ocr_carea' id='block_1_4' title="bbox 308 1547 1128 1650">
    <p class='ocr_par' dir='ltr' id='par_1_4' title="bbox 308 1547 1128 1650">
     <span class='ocr_line' id='line_1_11' title="bbox 308 1547 1128 1650; baseline 0 -24"><span class='ocrx_word' id='word_1_84' title='bbox 308 1547 392 1626; x_wconf 78' lang='grc' dir='ltr'><strong><em>ἀλλ’</em></strong></span> <span class='ocrx_word' id='word_1_85' title='bbox 408 1551 451 1626; x_wconf 84' lang='grc' dir='ltr'><strong><em>ὃν</em></strong></span> <span class='ocrx_word' id='word_1_86' title='bbox 465 1547 568 1634; x_wconf 82' lang='grc' dir='ltr'><strong><em>πόλις</em></strong></span> <span class='ocrx_word' id='word_1_87' title='bbox 583 1547 749 1649; x_wconf 78' lang='grc' dir='ltr'><strong><em>στήσειε,</em></strong></span> <span class='ocrx_word' id='word_1_88' title='bbox 776 1551 846 1624; x_wconf 83' lang='grc' dir='ltr'><strong><em>τοῦ</em></strong></span> <span class='ocrx_word' id='word_1_89' title='bbox 864 1552 902 1625; x_wconf 88' lang='grc' dir='ltr'><strong><em>δέ</em></strong></span> <span class='ocrx_word' id='word_1_90' title='bbox 914 1547 984 1650; x_wconf 75' lang='grc' dir='ltr'><strong><em>χρή</em></strong></span> <span class='ocrx_word' id='word_1_91' title='bbox 999 1552 1128 1628; x_wconf 86' lang='grc' dir='ltr'><strong><em>κλόειν.</em></strong></span> 
     </span>
    </p>
   </div>
   <div class='ocr_carea' id='block_1_5' title="bbox 174 1705 1316 3142">
    <p class='ocr_par' dir='ltr' id='par_1_5' title="bbox 203 1705 1315 1907">
     <span class='ocr_line' id='line_1_12' title="bbox 203 1705 1315 1805; baseline -0.002 -26"><span class='ocrx_word' id='word_1_92' title='bbox 203 1709 245 1779; x_wconf 92' lang='lat' dir='ltr'><strong><em>ld</em></strong></span> <span class='ocrx_word' id='word_1_93' title='bbox 259 1709 303 1777; x_wconf 88' lang='lat' dir='ltr'><strong><em>de</em></strong></span> <span class='ocrx_word' id='word_1_94' title='bbox 317 1717 410 1777; x_wconf 80' lang='lat' dir='ltr'><strong>certo</strong></span> <span class='ocrx_word' id='word_1_95' title='bbox 423 1707 560 1794; x_wconf 84' lang='lat' dir='ltr'>dictum,</span> <span class='ocrx_word' id='word_1_96' title='bbox 583 1708 710 1805; x_wconf 81' lang='grc' dir='ltr'><strong><em>ἔστησε</em></strong></span> <span class='ocrx_word' id='word_1_97' title='bbox 725 1706 929 1796; x_wconf 84' lang='lat' dir='ltr'><strong>requireret3</strong></span> <span class='ocrx_word' id='word_1_98' title='bbox 956 1705 1000 1774; x_wconf 89' lang='lat' dir='ltr'><strong><em>de</em></strong></span> <span class='ocrx_word' id='word_1_99' title='bbox 1015 1730 1056 1775; x_wconf 88' lang='lat' dir='ltr'><strong><em>eo</em></strong></span> <span class='ocrx_word' id='word_1_100' title='bbox 1071 1718 1193 1796; x_wconf 86' lang='lat' dir='ltr'>autem,</span> <span class='ocrx_word' id='word_1_101' title='bbox 1213 1733 1315 1798; x_wconf 91' lang='lat' dir='ltr'><strong><em>quem</em></strong></span> 
     </span>
     <span class='ocr_line' id='line_1_13' title="bbox 204 1810 1314 1934; baseline -0.002 -51"><span class='ocrx_word' id='word_1_102' title='bbox 204 1815 333 1907; x_wconf 82' lang='lat' dir='ltr'><strong>cogites</strong></span> <span class='ocrx_word' id='word_1_103' title='bbox 349 1813 435 1904; x_wconf 92' lang='lat' dir='ltr'><strong>reip.</strong></span> <span class='ocrx_word' id='word_1_104' title='bbox 427 1813 661 1905; x_wconf 72' lang='lat' dir='ltr'><strong><em>praefectum</em></strong></span> <span class='ocrx_word' id='word_1_105' title='bbox 686 1833 777 1896; x_wconf 88' lang='lat' dir='ltr'><strong><em>esse,</em></strong></span> <span class='ocrx_word' id='word_1_106' title='bbox 803 1810 991 1934; x_wconf 81' lang='lat' dir='ltr'>optativum</span> <span class='ocrx_word' id='word_1_107' title='bbox 1013 1810 1128 1886; x_wconf 92' lang='lat' dir='ltr'><strong>habet.</strong></span> <span class='ocrx_word' id='word_1_108' title='bbox 1181 1813 1314 1882; x_wconf 89' lang='lat' dir='ltr'><strong>Audoc.</strong></span> 
     </span>
    </p>

    <p class='ocr_par' dir='ltr' id='par_1_6' title="bbox 174 1909 1316 3142">
     <span class='ocr_line' id='line_1_14' title="bbox 203 1909 1307 2012; baseline 0.005 -28.257"><span class='ocrx_word' id='word_1_109' title='bbox 203 1912 320 2011; x_wconf 54' lang='grc'><strong><em>(185.</em></strong></span> <span class='ocrx_word' id='word_1_110' title='bbox 341 1914 444 2006; x_wconf 76' lang='grc'><strong>(15.4</strong></span> <span class='ocrx_word' id='word_1_111' title='bbox 460 1911 573 2010; x_wconf 83' lang='grc'><strong>619.</strong></span> <span class='ocrx_word' id='word_1_112' title='bbox 592 1909 836 2004; x_wconf 71' lang='lat' dir='ltr'><strong>Beki.)va</strong></span> <span class='ocrx_word' id='word_1_113' title='bbox 853 1913 890 1986; x_wconf 87' lang='grc' dir='ltr'><strong><em>δε</em></strong></span> <span class='ocrx_word' id='word_1_114' title='bbox 906 1940 1075 1987; x_wconf 91' lang='grc' dir='ltr'><strong><em>ουκειοιν</em></strong></span> <span class='ocrx_word' id='word_1_115' title='bbox 1089 1920 1228 2010; x_wconf 88' lang='grc' dir='ltr'><strong><em>ετεροι</em></strong></span> <span class='ocrx_word' id='word_1_116' title='bbox 1256 1945 1307 2012; x_wconf 89' lang='grc' dir='ltr'><strong><em>υφ</em></strong></span> 
     </span>
     <span class='ocr_line' id='line_1_15' title="bbox 205 2010 1316 2146; baseline 0 -54"><span class='ocrx_word' id='word_1_117' title='bbox 205 2017 535 2108; x_wconf 79' lang='grc' dir='ltr'><strong><em>ὥναίτίανέχοιτε.</em></strong></span> <span class='ocrx_word' id='word_1_118' title='bbox 566 2016 727 2110; x_wconf 67' lang='lat' dir='ltr'><strong>peti(</strong></span> <span class='ocrx_word' id='word_1_119' title='bbox 710 2010 865 2110; x_wconf 91' lang='grc'><strong>(.1.586</strong></span> <span class='ocrx_word' id='word_1_120' title='bbox 890 2013 1031 2107; x_wconf 89' lang='grc' dir='ltr'><strong><em>1.)οτι</em></strong></span> <span class='ocrx_word' id='word_1_121' title='bbox 1048 2017 1086 2089; x_wconf 94' lang='grc' dir='ltr'><strong><em>δε</em></strong></span> <span class='ocrx_word' id='word_1_122' title='bbox 1108 2024 1144 2090; x_wconf 90' lang='grc' dir='ltr'><strong><em>οἱ</em></strong></span> <span class='ocrx_word' id='word_1_123' title='bbox 1165 2013 1316 2146; x_wconf 81' lang='grc' dir='ltr'><strong><em>ῥήτορες</em></strong></span> 
     </span>
     <span class='ocr_line' id='line_1_16' title="bbox 174 2112 1316 2220; baseline -0.003 -24"><span class='ocrx_word' id='word_1_124' title='bbox 174 2115 178 2134; x_wconf 70' lang='lat'>&#39;</span> <span class='ocrx_word' id='word_1_125' title='bbox 203 2122 258 2220; x_wconf 75' lang='grc' dir='ltr'><strong><em>τῷ</em></strong></span> <span class='ocrx_word' id='word_1_126' title='bbox 275 2123 344 2215; x_wconf 87' lang='grc' dir='ltr'><strong><em>μέν</em></strong></span> <span class='ocrx_word' id='word_1_127' title='bbox 369 2114 529 2215; x_wconf 86' lang='grc' dir='ltr'><strong><em>ὀνόματι</em></strong></span> <span class='ocrx_word' id='word_1_128' title='bbox 546 2120 610 2218; x_wconf 81' lang='grc' dir='ltr'><strong><em>τῆς</em></strong></span> <span class='ocrx_word' id='word_1_129' title='bbox 628 2112 765 2217; x_wconf 77' lang='grc' dir='ltr'><em>εἰρήνης</em></span> <span class='ocrx_word' id='word_1_130' title='bbox 778 2119 1026 2213; x_wconf 84' lang='grc' dir='ltr'><strong><em>συγχωροῦσι,</em></strong></span> <span class='ocrx_word' id='word_1_131' title='bbox 1053 2117 1212 2201; x_wconf 82' lang='grc' dir='ltr'><strong><em>τοῖςδ”</em></strong></span> <span class='ocrx_word' id='word_1_132' title='bbox 1198 2127 1316 2216; x_wconf 80' lang='grc' dir='ltr'><strong><em>έργοις</em></strong></span> 
     </span>
     <span class='ocr_line' id='line_1_17' title="bbox 204 2218 1316 2351; baseline -0.003 -52"><span class='ocrx_word' id='word_1_133' title='bbox 204 2222 276 2351; x_wconf 76' lang='lat' dir='ltr'><strong><em>cip</em></strong></span> <span class='ocrx_word' id='word_1_134' title='bbox 307 2221 355 2297; x_wconf 74' lang='grc' dir='ltr'><strong><em>οἷν</em></strong></span> <span class='ocrx_word' id='word_1_135' title='bbox 382 2251 404 2320; x_wconf 85' lang='grc' dir='ltr'><em>η</em></span> <span class='ocrx_word' id='word_1_136' title='bbox 433 2218 555 2349; x_wconf 83' lang='grc' dir='ltr'><strong><em>εἰρήνη</em></strong></span> <span class='ocrx_word' id='word_1_137' title='bbox 585 2224 730 2316; x_wconf 79' lang='grc' dir='ltr'><strong><em>γένοιτο</em></strong></span> <span class='ocrx_word' id='word_1_138' title='bbox 758 2222 1036 2310; x_wconf 87' lang='grc' dir='ltr'><strong><em>έναντιουνται,</em></strong></span> <span class='ocrx_word' id='word_1_139' title='bbox 1069 2223 1183 2296; x_wconf 81' lang='grc' dir='ltr'><strong><em>τοῦτο</em></strong></span> <span class='ocrx_word' id='word_1_140' title='bbox 1208 2220 1316 2298; x_wconf 81' lang='grc' dir='ltr'><strong><em>δέου</em></strong></span> 
     </span>
     <span class='ocr_line' id='line_1_18' title="bbox 204 2321 1316 2448; baseline -0.008 -47"><span class='ocrx_word' id='word_1_141' title='bbox 204 2321 338 2447; x_wconf 73' lang='grc' dir='ltr'><strong><em>πρντες</em></strong></span> <span class='ocrx_word' id='word_1_142' title='bbox 360 2322 598 2400; x_wconf 76' lang='grc' dir='ltr'><strong><em>αἰσθάνεσθε.</em></strong></span> <span class='ocrx_word' id='word_1_143' title='bbox 649 2325 826 2397; x_wconf 86' lang='lat' dir='ltr'><strong>Demosth.</strong></span> <span class='ocrx_word' id='word_1_144' title='bbox 853 2348 890 2416; x_wconf 91' lang='lat' dir='ltr'><strong>p.</strong></span> <span class='ocrx_word' id='word_1_145' title='bbox 914 2323 1027 2409; x_wconf 82' lang='lat'>1214,</span> <span class='ocrx_word' id='word_1_146' title='bbox 1048 2325 1083 2396; x_wconf 79' lang='lat'><strong>4.</strong></span> <span class='ocrx_word' id='word_1_147' title='bbox 1102 2323 1207 2448; x_wconf 68' lang='grc' dir='ltr'><strong><em>ῥξωι</em></strong></span> <span class='ocrx_word' id='word_1_148' title='bbox 1230 2326 1316 2400; x_wconf 71' lang='grc' dir='ltr'><strong><em>τίνα</em></strong></span> 
     </span>
     <span class='ocr_line' id='line_1_19' title="bbox 205 2422 1316 2551; baseline 0 -49"><span class='ocrx_word' id='word_1_149' title='bbox 205 2426 271 2504; x_wconf 75' lang='grc' dir='ltr'><strong><em>οὐκ</em></strong></span> <span class='ocrx_word' id='word_1_150' title='bbox 289 2431 432 2515; x_wconf 78' lang='grc' dir='ltr'><strong><em>οἴεσθε,</em></strong></span> <span class='ocrx_word' id='word_1_151' title='bbox 459 2457 486 2500; x_wconf 94' lang='grc' dir='ltr'><strong><em>ω</em></strong></span> <span class='ocrx_word' id='word_1_152' title='bbox 474 2425 630 2551; x_wconf 76' lang='grc' dir='ltr'><strong><em>ἄνδρες</em></strong></span> <span class='ocrx_word' id='word_1_153' title='bbox 645 2427 834 2514; x_wconf 85' lang='grc' dir='ltr'><strong><em>δικασταί,</em></strong></span> <span class='ocrx_word' id='word_1_154' title='bbox 862 2433 938 2506; x_wconf 86' lang='grc' dir='ltr'><strong><em>τοῖς</em></strong></span> <span class='ocrx_word' id='word_1_155' title='bbox 955 2422 1198 2523; x_wconf 77' lang='grc' dir='ltr'><strong><em>στρατιώταις</em></strong></span> <span class='ocrx_word' id='word_1_156' title='bbox 1213 2427 1316 2504; x_wconf 59' lang='lat' dir='ltr'>citiv-</span> 
     </span>
     <span class='ocr_line' id='line_1_20' title="bbox 203 2524 1315 2656; baseline 0.001 -52"><span class='ocrx_word' id='word_1_157' title='bbox 203 2531 294 2626; x_wconf 82' lang='grc' dir='ltr'><strong><em>μίαν</em></strong></span> <span class='ocrx_word' id='word_1_158' title='bbox 311 2535 499 2622; x_wconf 83' lang='grc' dir='ltr'><strong><em>έμπεσεῖν;</em></strong></span> <span class='ocrx_word' id='word_1_159' title='bbox 521 2524 637 2626; x_wconf 90' lang='grc' dir='ltr'><strong><em>πόσην</em></strong></span> <span class='ocrx_word' id='word_1_160' title='bbox 658 2530 700 2603; x_wconf 91' lang='grc' dir='ltr'><strong><em>δέ</em></strong></span> <span class='ocrx_word' id='word_1_161' title='bbox 710 2557 777 2656; x_wconf 81' lang='grc' dir='ltr'><strong><em>μοι</em></strong></span> <span class='ocrx_word' id='word_1_162' title='bbox 790 2557 886 2620; x_wconf 88' lang='grc' dir='ltr'><strong><em>μετα</em></strong></span> <span class='ocrx_word' id='word_1_163' title='bbox 903 2529 1023 2601; x_wconf 79' lang='grc' dir='ltr'><strong><em>ταῦτα</em></strong></span> <span class='ocrx_word' id='word_1_164' title='bbox 1038 2525 1235 2626; x_wconf 75' lang='grc' dir='ltr'><strong><em>ἀπόλειψιν</em></strong></span> <span class='ocrx_word' id='word_1_165' title='bbox 1250 2562 1315 2626; x_wconf 78' lang='grc' dir='ltr'><strong><em>με-</em></strong></span> 
     </span>
     <span class='ocr_line' id='line_1_21' title="bbox 204 2627 1315 2760; baseline 0.001 -52"><span class='ocrx_word' id='word_1_166' title='bbox 204 2636 337 2708; x_wconf 81' lang='grc' dir='ltr'><strong><em>νέσδαι</em></strong></span> <span class='ocrx_word' id='word_1_167' title='bbox 358 2627 467 2706; x_wconf 81' lang='grc' dir='ltr'><strong><em>πόλιν</em></strong></span> <span class='ocrx_word' id='word_1_168' title='bbox 476 2688 491 2722; x_wconf 92' lang='grc'><strong><em>,</em></strong></span> <span class='ocrx_word' id='word_1_169' title='bbox 518 2661 592 2705; x_wconf 93' lang='grc' dir='ltr'><strong><em>των</em></strong></span> <span class='ocrx_word' id='word_1_170' title='bbox 616 2629 777 2726; x_wconf 73' lang='grc' dir='ltr'><strong><em>ἀρχαίων</em></strong></span> <span class='ocrx_word' id='word_1_171' title='bbox 799 2630 942 2704; x_wconf 80' lang='grc' dir='ltr'><strong><em>ναυτόν</em></strong></span> <span class='ocrx_word' id='word_1_172' title='bbox 963 2637 1315 2760; x_wconf 82' lang='grc' dir='ltr'><strong><em>ταλαιπωρουμένων</em></strong></span> 
     </span>
     <span class='ocr_line' id='line_1_22' title="bbox 204 2729 1315 2862; baseline 0 -51"><span class='ocrx_word' id='word_1_173' title='bbox 204 2736 274 2832; x_wconf 86' lang='grc' dir='ltr'><strong><em>μέν</em></strong></span> <span class='ocrx_word' id='word_1_174' title='bbox 296 2729 413 2809; x_wconf 77' lang='grc' dir='ltr'><strong><em>πολλοί</em></strong></span> <span class='ocrx_word' id='word_1_175' title='bbox 422 2790 436 2826; x_wconf 93' lang='grc'><strong><em>,</em></strong></span> <span class='ocrx_word' id='word_1_176' title='bbox 470 2733 729 2831; x_wconf 67' lang='grc' dir='ltr'><strong><em>ὠφελουμένων</em></strong></span> <span class='ocrx_word' id='word_1_177' title='bbox 756 2734 794 2808; x_wconf 84' lang='grc' dir='ltr'><strong><em>δέ</em></strong></span> <span class='ocrx_word' id='word_1_178' title='bbox 817 2735 978 2829; x_wconf 76' lang='grc' dir='ltr'><strong><em>βραχέα,</em></strong></span> <span class='ocrx_word' id='word_1_179' title='bbox 1006 2732 1075 2856; x_wconf 81' lang='grc' dir='ltr'><strong><em>ὅρα</em></strong></span> <span class='ocrx_word' id='word_1_180' title='bbox 1096 2741 1162 2829; x_wconf 76' lang='grc' dir='ltr'><strong><em>ε’γω</em></strong></span> <span class='ocrx_word' id='word_1_181' title='bbox 1155 2731 1315 2862; x_wconf 81' lang='grc' dir='ltr'><strong><em>δυναί-</em></strong></span> 
     </span>
     <span class='ocr_line' id='line_1_23' title="bbox 203 2831 1315 2971; baseline 0.002 -59"><span class='ocrx_word' id='word_1_182' title='bbox 203 2867 278 2935; x_wconf 87' lang='grc' dir='ltr'><strong><em>μην</em></strong></span> <span class='ocrx_word' id='word_1_183' title='bbox 301 2833 438 2934; x_wconf 82' lang='grc' dir='ltr'><strong><em>ἑκόοτω</em></strong></span> <span class='ocrx_word' id='word_1_184' title='bbox 470 2833 759 2931; x_wconf 80' lang='grc' dir='ltr'><strong><em>δανειζόμενος</em></strong></span> <span class='ocrx_word' id='word_1_185' title='bbox 741 2837 937 2932; x_wconf 91' lang='grc' dir='ltr'><strong><em>επαρκέσαι</em></strong></span> <span class='ocrx_word' id='word_1_186' title='bbox 963 2831 1088 2957; x_wconf 88' lang='grc' dir='ltr'><strong><em>πρός</em></strong></span> <span class='ocrx_word' id='word_1_187' title='bbox 1076 2866 1102 2909; x_wconf 96' lang='grc' dir='ltr'><strong><em>ω</em></strong></span> <span class='ocrx_word' id='word_1_188' title='bbox 1114 2834 1315 2971; x_wconf 76' lang='grc' dir='ltr'><strong><em>πρότερον</em></strong></span> 
     </span>
     <span class='ocr_line' id='line_1_24' title="bbox 205 2936 1315 3066; baseline 0.002 -49"><span class='ocrx_word' id='word_1_189' title='bbox 205 2937 303 3032; x_wconf 85' lang='grc' dir='ltr'><strong><em>εἶχον</em></strong></span> <span class='ocrx_word' id='word_1_190' title='bbox 317 2938 406 3066; x_wconf 79' lang='grc' dir='ltr'><strong><em>παρ’</em></strong></span> <span class='ocrx_word' id='word_1_191' title='bbox 423 2942 531 3035; x_wconf 79' lang='grc' dir='ltr'><strong><em>ἐμοῦ,</em></strong></span> <span class='ocrx_word' id='word_1_192' title='bbox 558 2942 635 3015; x_wconf 90' lang='grc' dir='ltr'><strong><em>επεὶ</em></strong></span> <span class='ocrx_word' id='word_1_193' title='bbox 650 2939 673 3014; x_wconf 86' lang='grc' dir='ltr'><em>ὅ</em></span> <span class='ocrx_word' id='word_1_194' title='bbox 685 2969 726 3033; x_wconf 76' lang='grc' dir='ltr'><strong><em>γε</em></strong></span> <span class='ocrx_word' id='word_1_195' title='bbox 749 2966 952 3037; x_wconf 81' lang='grc' dir='ltr'><strong><em>στρατηγος</em></strong></span> <span class='ocrx_word' id='word_1_196' title='bbox 969 2936 1053 3014; x_wconf 86' lang='grc' dir='ltr'><strong><em>ου’δέ</em></strong></span> <span class='ocrx_word' id='word_1_197' title='bbox 1077 2969 1121 3015; x_wconf 90' lang='grc' dir='ltr'><strong><em>το</em></strong></span> <span class='ocrx_word' id='word_1_198' title='bbox 1142 2940 1203 3040; x_wconf 82' lang='grc' dir='ltr'><strong><em>έφ</em></strong></span> <span class='ocrx_word' id='word_1_199' title='bbox 1220 2942 1315 3041; x_wconf 88' lang='grc' dir='ltr'><strong><em>ημέ-</em></strong></span> 
     </span>
     <span class='ocr_line' id='line_1_25' title="bbox 204 3041 873 3142; baseline -0.003 -25"><span class='ocrx_word' id='word_1_200' title='bbox 204 3070 275 3142; x_wconf 93' lang='grc' dir='ltr'><strong><em>ραν</em></strong></span> <span class='ocrx_word' id='word_1_201' title='bbox 290 3041 414 3126; x_wconf 82' lang='grc' dir='ltr'><strong><em>αότοῐς</em></strong></span> <span class='ocrx_word' id='word_1_202' title='bbox 428 3071 569 3142; x_wconf 83' lang='grc' dir='ltr'><strong><em>τροφην</em></strong></span> <span class='ocrx_word' id='word_1_203' title='bbox 589 3043 719 3139; x_wconf 81' lang='grc' dir='ltr'><strong><em>διαρκῆ</em></strong></span> <span class='ocrx_word' id='word_1_204' title='bbox 732 3042 873 3125; x_wconf 79' lang='grc' dir='ltr'><strong><em>ἐδίδους</em></strong></span> 
     </span>
    </p>
   </div>
   <div class='ocr_carea' id='block_1_6' title="bbox 180 3195 1315 3685">
    <p class='ocr_par' dir='ltr' id='par_1_7' title="bbox 180 3195 1315 3685">
     <span class='ocr_line' id='line_1_26' title="bbox 306 3195 1315 3290; baseline 0 -22"><span class='ocrx_word' id='word_1_205' title='bbox 306 3199 361 3268; x_wconf 85' lang='lat' dir='ltr'><strong><em>Ex</em></strong></span> <span class='ocrx_word' id='word_1_206' title='bbox 380 3200 432 3268; x_wconf 89' lang='lat' dir='ltr'><strong><em>his</em></strong></span> <span class='ocrx_word' id='word_1_207' title='bbox 456 3199 555 3267; x_wconf 82' lang='lat' dir='ltr'>facile</span> <span class='ocrx_word' id='word_1_208' title='bbox 577 3199 718 3268; x_wconf 90' lang='lat' dir='ltr'>iudicari</span> <span class='ocrx_word' id='word_1_209' title='bbox 735 3205 868 3290; x_wconf 88' lang='lat' dir='ltr'><strong>potest,</strong></span> <span class='ocrx_word' id='word_1_210' title='bbox 895 3197 1068 3287; x_wconf 86' lang='lat' dir='ltr'>quomodo</span> <span class='ocrx_word' id='word_1_211' title='bbox 1088 3195 1136 3266; x_wconf 88' lang='lat' dir='ltr'>illi</span> <span class='ocrx_word' id='word_1_212' title='bbox 1164 3199 1229 3267; x_wconf 90' lang='lat' dir='ltr'>siut</span> <span class='ocrx_word' id='word_1_213' title='bbox 1247 3200 1315 3268; x_wconf 92' lang='grc' dir='ltr'><strong><em>1οοὶ</em></strong></span> 
     </span>
     <span class='ocr_line' id='line_1_27' title="bbox 203 3302 1314 3396; baseline 0.001 -26"><span class='ocrx_word' id='word_1_214' title='bbox 203 3302 433 3396; x_wconf 79' lang='lat' dir='ltr'>intelligendi,</span> <span class='ocrx_word' id='word_1_215' title='bbox 458 3304 493 3371; x_wconf 91' lang='lat' dir='ltr'><strong><em>in</em></strong></span> <span class='ocrx_word' id='word_1_216' title='bbox 511 3304 631 3393; x_wconf 90' lang='lat' dir='ltr'>quibus</span> <span class='ocrx_word' id='word_1_217' title='bbox 648 3302 814 3395; x_wconf 75' lang='lat' dir='ltr'>optativus</span> <span class='ocrx_word' id='word_1_218' title='bbox 835 3324 912 3367; x_wconf 91' lang='lat' dir='ltr'><strong><em>cum</em></strong></span> <span class='ocrx_word' id='word_1_219' title='bbox 931 3310 1108 3392; x_wconf 89' lang='lat' dir='ltr'><strong>praesente</strong></span> <span class='ocrx_word' id='word_1_220' title='bbox 1123 3303 1178 3369; x_wconf 88' lang='lat' dir='ltr'><strong><em>vel</em></strong></span> <span class='ocrx_word' id='word_1_221' title='bbox 1201 3303 1314 3371; x_wconf 87' lang='lat' dir='ltr'>futuro</span> 
     </span>
     <span class='ocr_line' id='line_1_28' title="bbox 204 3405 1314 3498; baseline -0.001 -23"><span class='ocrx_word' id='word_1_222' title='bbox 204 3408 300 3476; x_wconf 81' lang='lat' dir='ltr'><strong>verbi</strong></span> <span class='ocrx_word' id='word_1_223' title='bbox 313 3408 462 3498; x_wconf 87' lang='lat' dir='ltr'><strong><em>primarii</em></strong></span> <span class='ocrx_word' id='word_1_224' title='bbox 476 3408 670 3476; x_wconf 88' lang='lat' dir='ltr'>coniunctus</span> <span class='ocrx_word' id='word_1_225' title='bbox 685 3415 745 3478; x_wconf 87' lang='lat' dir='ltr'><strong>est.</strong></span> <span class='ocrx_word' id='word_1_226' title='bbox 780 3405 1000 3496; x_wconf 88' lang='lat' dir='ltr'><strong><em>Apertissima</em></strong></span> <span class='ocrx_word' id='word_1_227' title='bbox 1015 3406 1104 3474; x_wconf 88' lang='lat' dir='ltr'><strong><em>enim</em></strong></span> <span class='ocrx_word' id='word_1_228' title='bbox 1117 3406 1215 3474; x_wconf 85' lang='lat' dir='ltr'>huius</span> <span class='ocrx_word' id='word_1_229' title='bbox 1230 3430 1314 3474; x_wconf 90' lang='lat' dir='ltr'>con·</span> 
     </span>
     <span class='ocr_line' id='line_1_29' title="bbox 205 3509 1314 3602; baseline 0 -24"><span class='ocrx_word' id='word_1_230' title='bbox 205 3510 397 3578; x_wconf 64' lang='lat' dir='ltr'><strong><em>structionis</em></strong></span> <span class='ocrx_word' id='word_1_231' title='bbox 405 3511 490 3578; x_wconf 86' lang='lat' dir='ltr'>ratio</span> <span class='ocrx_word' id='word_1_232' title='bbox 512 3519 579 3591; x_wconf 85' lang='lat' dir='ltr'><strong><em>est,</em></strong></span> <span class='ocrx_word' id='word_1_233' title='bbox 607 3511 805 3600; x_wconf 88' lang='lat' dir='ltr'>simulatque</span> <span class='ocrx_word' id='word_1_234' title='bbox 828 3509 1014 3602; x_wconf 87' lang='lat' dir='ltr'>optativum</span> <span class='ocrx_word' id='word_1_235' title='bbox 1036 3533 1115 3578; x_wconf 89' lang='lat' dir='ltr'><strong><em>cum</em></strong></span> <span class='ocrx_word' id='word_1_236' title='bbox 1135 3509 1314 3578; x_wconf 89' lang='lat' dir='ltr'>indicativo</span> 
     </span>
     <span class='ocr_line' id='line_1_30' title="bbox 180 3611 817 3685; baseline -0.002 -4"><span class='ocrx_word' id='word_1_237' title='bbox 180 3633 184 3639; x_wconf 83' lang='lat'><strong>·</strong></span> <span class='ocrx_word' id='word_1_238' title='bbox 205 3614 470 3685; x_wconf 82' lang='lat' dir='ltr'><strong><em>commutaveris.</em></strong></span> <span class='ocrx_word' id='word_1_239' title='bbox 514 3613 560 3680; x_wconf 87' lang='lat' dir='ltr'><strong><em>Vt</em></strong></span> <span class='ocrx_word' id='word_1_240' title='bbox 573 3613 668 3683; x_wconf 89' lang='lat' dir='ltr'>iliad.</span> <span class='ocrx_word' id='word_1_241' title='bbox 685 3616 715 3685; x_wconf 91' lang='grc' dir='ltr'><strong><em>δ.</em></strong></span> <span class='ocrx_word' id='word_1_242' title='bbox 732 3611 817 3680; x_wconf 90' lang='grc'><strong>262.</strong></span> 
     </span>
    </p>
   </div>
   <div class='ocr_carea' id='block_1_7' title="bbox 163 3757 1270 4101">
    <p class='ocr_par' dir='ltr' id='par_1_8' title="bbox 163 3757 1270 4101">
     <span class='ocr_line' id='line_1_31' title="bbox 700 3757 1171 3844; baseline -0.006 -7"><span class='ocrx_word' id='word_1_243' title='bbox 700 3757 765 3837; x_wconf 88' lang='grc' dir='ltr'><strong><em>σόν</em></strong></span> <span class='ocrx_word' id='word_1_244' title='bbox 784 3764 821 3836; x_wconf 87' lang='grc' dir='ltr'><strong><em>δέ</em></strong></span> <span class='ocrx_word' id='word_1_245' title='bbox 837 3767 961 3837; x_wconf 87' lang='grc' dir='ltr'><strong><em>πλεῖον</em></strong></span> <span class='ocrx_word' id='word_1_246' title='bbox 977 3762 1084 3844; x_wconf 90' lang='grc' dir='ltr'><strong><em>δέπας</em></strong></span> <span class='ocrx_word' id='word_1_247' title='bbox 1099 3763 1171 3836; x_wconf 87' lang='grc' dir='ltr'><strong><em>αἰεὶ</em></strong></span> 
     </span>
     <span class='ocr_line' id='line_1_32' title="bbox 259 3860 1270 3967; baseline -0.002 -23"><span class='ocrx_word' id='word_1_248' title='bbox 259 3913 260 3916; x_wconf 34' lang='lat'>¹</span> <span class='ocrx_word' id='word_1_249' title='bbox 307 3865 455 3967; x_wconf 79' lang='grc' dir='ltr'><strong><em>ἕστηχ’,</em></strong></span> <span class='ocrx_word' id='word_1_250' title='bbox 483 3863 595 3965; x_wconf 77' lang='grc' dir='ltr'><strong><em>ὥςπερ</em></strong></span> <span class='ocrx_word' id='word_1_251' title='bbox 613 3864 720 3961; x_wconf 78' lang='grc' dir='ltr'><strong><em>ἐμοί,</em></strong></span> <span class='ocrx_word' id='word_1_252' title='bbox 746 3869 880 3951; x_wconf 86' lang='grc' dir='ltr'><strong><em>πιέειν,</em></strong></span> <span class='ocrx_word' id='word_1_253' title='bbox 909 3864 972 3938; x_wconf 86' lang='grc' dir='ltr'><strong><em>ὅτε</em></strong></span> <span class='ocrx_word' id='word_1_254' title='bbox 988 3860 1108 3959; x_wconf 75' lang='grc' dir='ltr'><strong><em>θυμός</em></strong></span> <span class='ocrx_word' id='word_1_255' title='bbox 1125 3861 1270 3963; x_wconf 74' lang='grc' dir='ltr'><strong><em>οἷνεόγοι.</em></strong></span> 
     </span>
     <span class='ocr_line' id='line_1_33' title="bbox 163 4020 291 4101; baseline -0.016 -9"><span class='ocrx_word' id='word_1_256' title='bbox 163 4072 166 4077; x_wconf 77' lang='lat'><em>,</em></span> <span class='ocrx_word' id='word_1_257' title='bbox 204 4020 291 4101; x_wconf 78' lang='grc'><strong><em>643,</em></strong></span> 
     </span>
    </p>
   </div>
   <div class='ocr_carea' id='block_1_8' title="bbox 240 4167 1195 4378">
    <p class='ocr_par' dir='ltr' id='par_1_9' title="bbox 240 4167 1195 4378">
     <span class='ocr_line' id='line_1_34' title="bbox 240 4167 1139 4274; baseline 0 -24"><span class='ocrx_word' id='word_1_258' title='bbox 240 4220 242 4231; x_wconf 86' lang='grc'><strong><em>·</em></strong></span> <span class='ocrx_word' id='word_1_259' title='bbox 306 4170 436 4274; x_wconf 75' lang='grc' dir='ltr'><strong><em>προέτω</em></strong></span> <span class='ocrx_word' id='word_1_260' title='bbox 453 4170 523 4273; x_wconf 74' lang='grc' dir='ltr'><strong><em>μοῖρ</em></strong></span> <span class='ocrx_word' id='word_1_261' title='bbox 535 4167 597 4248; x_wconf 70' lang='grc' dir='ltr'><strong><em>καὶ</em></strong></span> <span class='ocrx_word' id='word_1_262' title='bbox 613 4169 737 4258; x_wconf 85' lang='grc' dir='ltr'><strong><em>δαιτός</em></strong></span> <span class='ocrx_word' id='word_1_263' title='bbox 751 4171 999 4263; x_wconf 74' lang='grc' dir='ltr'><strong><em>ἀκουάζεσθον</em></strong></span> <span class='ocrx_word' id='word_1_264' title='bbox 1016 4181 1139 4270; x_wconf 79' lang='grc' dir='ltr'><strong><em>ἐμεῖο,</em></strong></span> 
     </span>
     <span class='ocr_line' id='line_1_35' title="bbox 308 4275 1195 4378; baseline -0.006 -24"><span class='ocrx_word' id='word_1_265' title='bbox 308 4275 447 4356; x_wconf 85' lang='grc' dir='ltr'><strong><em>ὁππότε</em></strong></span> <span class='ocrx_word' id='word_1_266' title='bbox 468 4283 576 4354; x_wconf 88' lang='grc' dir='ltr'><strong><em>δαῖτα</em></strong></span> <span class='ocrx_word' id='word_1_267' title='bbox 589 4281 757 4378; x_wconf 74' lang='grc' dir='ltr'><strong><em>γέρουσιν</em></strong></span> <span class='ocrx_word' id='word_1_268' title='bbox 770 4279 1025 4378; x_wconf 77' lang='grc' dir='ltr'><strong><em>ἐφοπλίζωμεν</em></strong></span> <span class='ocrx_word' id='word_1_269' title='bbox 1037 4277 1195 4372; x_wconf 85' lang='grc' dir='ltr'><strong><em>Ἀχαιοί.</em></strong></span> 
     </span>
    </p>
   </div>
   <div class='ocr_carea' id='block_1_9' title="bbox 0 0 1464 4890">
    <p class='ocr_par' dir='ltr' id='par_1_10' title="bbox 0 0 1464 4890">
     <span class='ocr_line' id='line_1_36' title="bbox 0 0 1464 4890; baseline 0 0"><span class='ocrx_word' id='word_1_270' title='bbox 0 0 1464 4890; x_wconf 95' lang='lat' dir='ltr'><strong><em> </em></strong></span> 
     </span>
    </p>
   </div>
  </div>
 </body>
</html>
