2918 4890
522 287 605 370 mn'
627 308 687 372 ιιι·
723 308 817 370 ιιι.
839 314 869 376 o.
891 314 921 376 r.
1165 386 1168 391 ,
1222 297 1285 385 roa

105 553 109 558 .
177 494 381 586 exempla,
371 498 547 589 inquibus
570 498 694 566 diserte
717 498 832 566 addita
845 509 895 566 est
915 499 1071 588 conditio,
1097 501 1175 570 vide
1191 503 1285 617 apud

176 598 515 691 Reisiglump.124
1288 616 1298 625 ‘

278 702 436 794 Apparet
454 727 496 772 ex
514 703 578 790 his,
604 704 755 794 optativo
771 726 848 771 cum
863 701 1068 795 particula
1044 731 1088 776 αν
1107 704 1289 776 coniuncto*

87 806 90 813 '
177 803 370 895 opinionem
401 807 581 898 significari
610 806 655 874 de
683 829 742 890 co,
778 806 871 896 quod
893 829 935 874 ex
963 807 1074 895 aliqua
1095 809 1285 878 conditione

175 906 334 998 pendeat.
386 909 491 998 Atqui
514 909 608 999 quod
629 909 675 977 sic
698 909 836 976 demum
859 932 932 978 esse
954 919 1127 1001 putamus,
1160 921 1286 982 utnon

177 1009 218 1076 sit
242 1010 304 1078 nisi
325 1011 515 1080 conditione
540 1013 652 1104 aliqua
673 1013 826 1104 impleta,
852 1012 888 1080 id
911 1021 1068 1103 apertum
1092 1024 1228 1082 estnon
1249 1025 1287 1082 ιιι
1392 1084 1394 1089 ,

177 1113 271 1200 quod
287 1137 366 1181 vere
390 1116 447 1200 sit,
474 1115 535 1183 sed
559 1125 597 1182 ut
620 1115 714 1204 quod
735 1115 843 1215 possit
864 1137 938 1182 esse
960 1115 1110 1207 cogitari
1161 1120 1214 1185 Eo
1233 1117 1287 1184 la-

178 1226 269 1283 ctum
288 1227 356 1302 est,
383 1227 421 1285 ut
444 1218 655 1309 grammatici
672 1210 872 1309 particulam
886 1217 978 1284 illam
995 1212 1194 1311 σύνδεσμον
1219 1224 1286 1293 du-

177 1313 323 1415 νηιικόν
343 1322 565 1412 appellarent.
619 1321 724 1405 Quod
739 1330 853 1388 tamen
874 1321 942 1388 ιιοιι
958 1321 1006 1387 sic
1029 1330 1080 1388 est
1098 1322 1287 1413 intelligen-

176 1422 259 1488 dum
276 1423 355 1490 acsi
372 1420 519 1516 nocoip'
536 1423 686 1496 uiridem
700 1424 742 1491 sit
758 1423 853 1512 quod
867 1416 1027 1514 δύναμαι
1043 1429 1171 1496 ποιεῖν.
1198 1427 1288 1493 Nam

176 1525 259 1592 illud
275 1527 441 1617 posterius
461 1527 511 1594 rei
528 1549 630 1594 verae
647 1525 912 1595 enunciationem
929 1526 1092 1613 continet,
1119 1551 1191 1595 esse
1205 1527 1287 1596 milri
1325 1561 1328 1569 ·

175 1637 378 1720 potestatem
405 1629 562 1701 faciendi.
614 1629 692 1698 Hoc
717 1637 829 1697 autem
856 1623 1001 1720 uosoip'
1028 1627 1073 1700 ἄν
1094 1629 1288 1720 opinionem

175 1731 323 1816 indicat,
343 1733 511 1801 facturum
524 1757 579 1802 me
594 1755 676 1820 esse,
703 1733 730 1800 si
743 1732 831 1800 forte
848 1731 987 1822 impleta
1003 1732 1045 1799 sit
1064 1732 1210 1802 conditio
1225 1734 1288 1802 ali-

176 1858 262 1924 qua,
290 1859 350 1904 our
365 1836 503 1907 faciam.
553 1837 600 1906 Vt
613 1835 707 1925 quod
721 1845 772 1903 est
787 1837 821 1903 in
839 1833 1063 1919 Prometheo,

226 2071 229 2076 ¹
281 1983 362 2059 ἄλλ’
379 1988 465 2061 οὔτε
481 1989 587 2082 σιγᾶν
602 1986 689 2061 οὔτε
705 1980 759 2083 μή
779 1986 885 2081 σιγᾶν
899 1980 1009 2076 τύχας

280 2084 360 2162 οἶόν
374 2093 418 2164 τέ
428 2119 496 2184 μοι
512 2085 614 2171 rcicd'
630 2089 727 2178 ἐστι’,

178 2243 250 2334 quis
268 2244 313 2311 ita
332 2243 438 2329 dicat,
466 2242 552 2316 οὔτε
570 2238 702 2337 σινῷμ’
719 2240 784 2327 ἄν,
811 2236 894 2313 οὔτ’
907 2237 951 2313 οὐ
968 2239 1099 2337 σινῷμ’
1116 2239 1192 2316 civ?
1217 2246 1289 2314 Ne-

178 2370 244 2436 que
261 2348 349 2414 enim
364 2346 446 2435 quid
459 2347 602 2414 fortasse
616 2347 765 2416 facturus
781 2345 831 2432 sit,
845 2343 958 2412 dicere
971 2346 1289 2435 vultPrometheus‚

178 2450 239 2518 sed
253 2473 290 2518 re
305 2473 385 2518 vera
398 2473 462 2517 nec
477 2458 590 2517 tacere
606 2473 642 2518 se
660 2473 723 2517 nec
740 2471 809 2516 non
824 2456 937 2515 tacere
950 2448 1104 2516 iniuriam
1121 2472 1188 2539 qua
1203 2449 1290 2519 affe-

179 2567 251 2621 ctus
275 2554 316 2620 sit
338 2575 450 2644 posse.
484 2552 630 2622 Contra
653 2551 746 2642 quod
771 2551 887 2642 posuit
905 2551 1101 2620 Herodotus
1125 2553 1183 2620 lv.
1205 2550 1287 2622 195.

180 2658 234 2752 εἴη
256 2651 341 2727 δ’”
315 2683 361 2729 αν
379 2655 472 2744 πᾶν,
499 2652 585 2727 ὅκου
607 2655 665 2727 καὶ
680 2660 718 2729 ἐν
733 2649 950 2746 Ζακύνθῳ
933 2681 969 2726 ru
989 2652 1110 2753 λίμνης
1129 2681 1188 2726 ναι
1181 2653 1291 2728 rida-
1317 2720 1320 2726 .

179 2784 241 2837 τος
264 2755 394 2878 nicona
419 2753 733 2882 avoproope'mp
717 2749 827 2835 αὐτός
851 2749 919 2845 iyoi
939 2754 1072 2851 ὥριον,
1100 2779 1200 2824 nemo
1222 2782 1291 2827 non

179 2860 288 2946 videt,
314 2861 342 2927 si
371 2859 506 2939 dixisset
534 2862 733 2932 δυνατον’
716 2885 810 2935 εστι,
838 2858 944 2925 multo
968 2881 1046 2925 eum
1070 2860 1290 2929 confidentius

180 2910 301 3031 dixisse
319 2971 353 3031 et
361 2961 512 3030 detracta
526 2963 689 3053 opinionis
707 2960 884 3042 modestia,
900 2983 1002 3049 quam
1015 2984 1129 3050 quum,
1144 2972 1180 3031 ut
1197 2963 1288 3051 fecit,

179 3066 312 3158 opinari
342 3089 378 3133 se
404 3066 578 3150 indicavit,
611 3064 711 3152 nihil,
745 3063 844 3132 certis
868 3063 1005 3152 quidem
1032 3064 1289 3152 conditionibus,

179 3168 375 3237 incredibile
399 3191 481 3237 esse.
534 3168 581 3234 Et
600 3166 668 3237 hoc
689 3167 828 3258 quidem
851 3189 959 3260 genus
982 3169 1030 3236 ita
1051 3168 1165 3238 tritum
1181 3180 1232 3239 est
1256 3179 1291 3238 ut

181 3271 343 3365 exemplis
358 3295 428 3342 non
442 3271 601 3363 indigeat.

696 3473 770 3544 Vll

256 3658 268 3691 ·,
303 3627 392 3698 ··De
418 3625 629 3721 optativo
656 3648 751 3696 cum
777 3624 831 3700 oio
851 3623 1143 3719 profuturo.

286 3777 376 3848 Cum
395 3780 464 3848 hoc
481 3779 669 3872 significatu
691 3780 974 3849 coniunctissimus
993 3789 1043 3848 est
1066 3781 1168 3868 alius,
1193 3783 1288 3872 isque

181 3904 250 3951 non
272 3883 382 3952 minus
400 3884 569 3974 frequens.
609 3883 700 3951 Nam
721 3906 809 3973 quae
827 3883 1005 3975 opinamur
1023 3884 1163 3975 impleta
1178 3886 1289 3975 aliqua

183 3984 375 4054 conditione
394 3987 484 4074 fieri,
511 3987 683 4076 sive'quae
702 3995 842 4079 possunt
857 3987 948 4072 fieri,
973 4009 1039 4078 per
1055 4011 1094 4055 se
1111 3989 1188 4081 ipsa
1208 3990 1288 4056 nulli

119 4104 127 4122 ⁶
183 4096 259 4157 sunt
287 4091 433 4182 tempori
456 4089 630 4158 adstricta:
661 4091 735 4158 sola
763 4090 851 4186 enim
878 4091 913 4156 in
944 4090 1148 4182 cogitatione
1175 4100 1289 4159 nostra

182 4201 367 4263 versantur.
416 4193 535 4282 ltaque
549 4193 612 4260 nisi
632 4191 754 4261 ‹liserte
771 4192 816 4260 ad
834 4193 1023 4285 praesentia
1037 4195 1092 4262 vel
1109 4193 1289 4286 praeterita

151 4358 154 4366 .
182 4295 394 4382 referuntur,
420 4304 678 4378 consentaneum
704 4305 772 4382 est,
797 4305 852 4380 ut,
880 4297 1038 4386 quoniam
1063 4298 1110 4365 rei
1130 4320 1210 4365 vere
1233 4297 1287 4366 ia-
