2918 4890
168 272 222 337 m‘
513 266 571 328 ur
610 265 884 328 erramcvra
906 261 952 329 εν

900 361 929 391 .

173 460 352 558 quemodo
372 458 603 552 repellendus
632 467 746 527 eseets
782 458 850 526 sed
879 455 1050 549 queniam
1075 465 1179 548 aunt,
1221 459 1284 550 qui

172 567 283 637 aliter
296 563 471 649 sentiant,
498 561 555 630 lais
577 562 846 630 occurrendum
868 569 932 629 eet.
985 560 1036 628 lta
1050 569 1194 653 apparet
1213 561 1282 629 iam

171 692 239 738 non
254 667 336 758 quid
352 689 437 758 opus
462 665 522 749 sit,
548 665 680 753 etquid
699 665 822 733 nonsit
838 687 942 755 opus,
968 663 1056 732 inter
1079 687 1116 733 se
1140 665 1281 758 opponi,

172 772 231 842 sed
251 770 332 861 quid
344 771 418 862 ipse
438 768 586 836 facturus
603 769 653 835 sit
706 767 891 836 Aeschines
907 791 936 838 c.
952 767 1124 838 Timarch.
1140 791 1177 861 p.
1195 762 1280 836 153.

171 878 224 969 (p.
243 870 329 944 355.
356 868 391 967 §
407 867 491 942 15⁰.
516 870 645 962 Belli.)
673 867 718 952 cic
740 869 866 943 τοίνυν
888 869 968 965 ε’ξῆν
988 866 1090 964 αὐτῷ
1114 869 1282 966 σωθῆναι

170 973 224 1076 μή
265 975 525 1073 ιμωρηοαμένῳ
543 968 610 1046 τόν
628 971 697 1046 τοῦ
719 965 939 1070 Πατρόκλου
966 970 1158 1061 θοίνατον,
1185 967 1282 1046 οἰνά-

171 1006 288 1176 yveln'
301 1104 368 1171 μοι
386 1077 517 1168 οἳλέγον
533 1103 555 1173 η
575 1078 690 1157 Θέτις.
742 1076 911 1146 Potuisset
926 1075 1064 1165 quidem
1084 1075 1161 1163 dici,
1187 1075 1282 1167 quod

172 1183 309 1276 quidam
326 1180 426 1250 codd.
448 1180 576 1248 habent
591 1179 671 1278 ἐξῆν
693 1177 760 1268 ἄν,
787 1179 866 1270 quia
886 1179 1033 1247 licuisset
1057 1177 1184 1247 Achilli
1207 1202 1281 1248 ser-

171 1288 257 1375 vari,
291 1287 319 1354 si
343 1285 530 1352 Hectorem
552 1305 620 1350 non
642 1282 833 1370 occideret,
869 1282 964 1372 quod
990 1281 1103 1351 occiso
1129 1283 1192 1351 illo·
1214 1283 1282 1350 iam

171 1415 240 1460 non
262 1389 402 1458 licebat:
429 1385 577 1454 sednon
597 1394 690 1454 recte
710 1386 766 1454 hic
797 1386 981 1473 diceretur,
1015 1386 1180 1474 quianon
1199 1385 1283 1477 quid

171 1493 300 1562 licuerit
319 1490 361 1580 ei,
388 1489 449 1557 sed
465 1487 547 1578 quid
564 1488 693 1576 fecerit,
720 1490 898 1579 quaeritur.
949 1489 1069 1578 ltaque
1084 1491 1283 1583 oppositum

172 1607 221 1667 est
234 1599 300 1668 αλλ
334 1620 399 1665 ουκ
418 1583 600 1688 εβοολήθη
615 1591 791 1687 σωθῆναι.

272 1698 416 1766 Restant
429 1694 533 1762 verba
551 1691 711 1788 ὤφελον,
738 1696 905 1789 ἔμελλον,
932 1695 1041 1792 ἔφην,
1068 1688 1281 1792 ἐβουλόμην,

171 1801 216 1871 de
248 1800 369 1892 quibus
398 1796 525 1888 aliquid
551 1797 775 1867 adiiciendum
800 1797 943 1868 videtur.
995 1799 1109 1888 Atque
1140 1795 1282 1894 ὤφελον

171 1905 308 1996 quidem
322 1926 382 1971 cur
396 1903 451 1970 vix
467 1901 562 1969 aliter
582 1925 684 1992 quam
698 1904 767 1972 sine
782 1902 946 1994 particula
962 1899 1007 1974 οἲν
1024 1901 1173 1995 positum
1185 1902 1282 1969 inve·
1310 1965 1312 1970 .

170 2010 296 2098 niatur,
331 2028 373 2075 ex
401 2005 457 2094 iis,
491 2027 580 2094 quae
606 2005 711 2074 modo
737 2006 998 2098 disputavimus,
1035 2004 1283 2098 apertissimum

172 2125 232 2183 est.
283 2112 373 2180 Nam
392 2132 497 2200 quum
512 2108 579 2178 hoc
594 2111 737 2178 verbum
750 2110 890 2202 proprie
912 2106 1089 2178 debebam
1103 2108 1282 2199 significet,

171 2343 239 2389 non
252 2320 352 2388 etiam
367 2317 440 2384 fieri
455 2336 524 2383 non
539 2315 702 2384 debuerit.
730 2316 826 2394 lliad.
844 2324 870 2402 ζ.
887 2311 974 2389 350.

223 2463 354 2563 ἁνδρός
380 2462 497 2541 ἔπειτ’
524 2464 687 2560 ὤφελλον
713 2465 906 2560 ἀμείνονος
932 2465 1027 2541 εἶναι
1055 2466 1195 2549 ἄκοιτις

222 2571 261 2654 ὅς
286 2567 327 2667 ῤ’
353 2567 418 2668 ᾔδη
444 2569 589 2664 νέμεσίν
614 2598 656 2644 τε
682 2570 742 2643 καὶ
770 2572 896 2662 αἴσχεα
923 2564 1030 2646 πόλλ’
1065 2564 1281 2668 ἀνθρώπων.

93 2679 96 2689 ’
170 2725 238 2798 oa
254 2755 289 2799 α.
306 2723 392 2796 οιτ.

222 2877 267 2962 οἷς
293 2876 335 2975 δή
364 2875 469 2973 ἔγωγ’
496 2878 630 2975 ὄφελον
655 2872 819 2975 μάκαρός
843 2873 888 2950 νύ
917 2905 982 2952 τεο
1016 2880 1172 2972 ἔμμεναι
1204 2871 1283 2960 uide
1318 2886 1322 2895 '

223 2980 370 3081 ἀνέρος,
398 2981 441 3054 ὃν
467 2978 680 3055 κτεάτεσσιν
704 2987 775 3062 ἑοῖς
801 2980 861 3056 ἔτι
887 2981 997 3079 γῆρας
1024 2983 1186 3072 ἔτετμεν.

169 3137 345 3226 Nusquam
369 3143 469 3227 potes
496 3157 692 3228 opponere,
718 3143 760 3204 at
785 3157 858 3204 οοο
879 3133 1056 3204 debebam
1075 3156 1175 3204 esee:
1209 3134 1282 3216 sed,

172 3249 214 3310 at
225 3262 297 3309 ποτε
312 3259 401 3310 eum.
452 3239 612 3308 llebebas
629 3239 718 3307 enim
732 3237 970 3327 nihilosecius,
998 3239 1058 3308 etsi
1074 3260 1143 3306 nen
1160 3246 1211 3306 est
1226 3238 1282 3306 fa-

170 3353 271 3432 ctum,
298 3341 392 3432 quod
406 3342 480 3410 fieri
494 3341 650 3411 debebat.

271 3444 404 3514 Eadem
426 3445 511 3513 ratio
534 3454 584 3515 est
608 3445 704 3514 verbi
723 3441 883 3539 ἔμελλον.
937 3445 1027 3513 Nam
1041 3444 1110 3534 ,qui
1129 3442 1280 3512 facturus

170 3550 252 3640 quid
268 3557 360 3635 erat,
386 3571 464 3617 eum
477 3571 545 3616 non
561 3557 659 3641 potes
676 3549 789 3618 dicere
805 3569 874 3615 non
892 3547 993 3616 fuisse
1008 3547 1193 3633 facturum,
1220 3546 1282 3615 sed

170 3677 239 3721 non
254 3653 384 3721 fecisse.
438 3651 543 3736 Quod
557 3674 638 3719 vero
651 3651 765 3719 Latini
779 3651 904 3737 dicunt,
919 3649 1104 3744 secturus
1108 3646 1281 3742 satiarem,

170 3756 252 3824 nihil
280 3757 407 3842 obstat,
440 3753 522 3844 quin
553 3754 687 3824 Graece
714 3753 825 3840 dicas,
860 3754 1009 3847 ἔμελλον
1036 3752 1081 3826 ἄν
1101 3746 1279 3848 ποιήσειν·

171 3857 365 3950 Opponitur
392 3858 480 3926 enim
497 3853 578 3932 ἄλλ’
604 3853 649 3931 οὐ
671 3857 799 3950 μέλλω,
824 3865 866 3924 at
884 3878 956 3924 οοο
986 3878 1067 3925 eum
1086 3853 1281 3950 facturus.

170 3961 242 4030 Sed
267 3960 471 4048 cavendum,
497 3984 557 4048 ne,
583 3961 642 4028 ubi
663 3958 708 4032 οἳν
728 3982 805 4026 cum
818 3959 977 4028 infinitivo
993 3957 1202 4052 iungendum
1219 3969 1283 4043 est,

169 4064 214 4133 ad
234 4063 495 4156 dualia-trahas.
548 4062 643 4132 Vtin
662 4062 820 4154 Xenoph.
843 4060 970 4154 Cyrop.
989 4062 1051 4136 lv.
1074 4061 1109 4148 3,
1133 4061 1168 4129 3.
1195 4054 1283 4142 οτοῖς

170 4165 263 4240 ὅπου
281 4166 427 4258 ἔμελλεν
446 4164 492 4237 οἷν
508 4160 744 4249 ἐξακούεσθαι
759 4159 808 4237 τοὶ
828 4158 1024 4258 λεγόμεναι
1051 4165 1072 4234 i.
1090 4189 1120 4233 e.
1136 4162 1199 4234 ute·
1209 4163 1282 4258 fi-

170 4279 291 4340 turum
305 4277 408 4367 ενοιἸ
434 4277 475 4338 ut
489 4269 662 4339 exaudiri
680 4268 785 4339 dicta
800 4277 960 4362 possent.
1012 4268 1078 4337 Vel
1093 4268 1187 4362 apud
1207 4270 1282 4336 An-
