3166 5044
259 313 323 375 302
461 308 515 368 DE
536 304 824 370 HYPERBOLE
848 305 1175 368 dissuasorio,

262 520 344 568 vero
368 485 638 587 ιιιιιιοίιιιοοιιο,
672 496 839 586 inquiunt,
871 495 899 564 ει
923 519 1108 586 numquam
1133 506 1256 589 erepta
1277 499 1365 568 fnit?

261 605 396 693 Nempe
416 600 461 668 ob
486 599 522 667 id
547 601 669 692 ipsum.
696 637 698 644 ,
722 599 819 667 ldenr
843 608 893 667 est
914 601 1005 670 enim
1023 624 1064 670 ae
1092 601 1119 668 si
1146 601 1296 688 diceret‚'
1331 613 1366 672 et

261 705 409 799 patrium
441 727 514 772 esse
545 704 582 770 id
605 704 813 794 Areopago,
851 725 915 770 nec
940 727 1031 772 nunc
1057 703 1256 797 ademptum
1282 728 1365 791 esse,

262 830 366 900 quum
392 806 573 898 ademptae
593 807 658 876 sint
682 807 822 874 aliarum
846 828 960 876 rernm
985 807 1165 876 multarum
1191 809 1365 901 cognitio-

254 919 332 982 nes.
383 907 476 982 Nam
493 910 578 978 iilud
599 909 738 999 quidem
757 917 913 1000 apertum
938 919 1006 998 est,
1031 933 1099 980 non
1122 909 1273 1003 ‘potuisse
1291 913 1367 1003 Ly-

263 1017 348 1084 siam
367 1013 452 1082 iilud
473 1012 533 1085 ιαι
561 1008 623 1107 ἐφ’
648 1009 752 1106 ὑμῶν
777 1007 1000 1088 αἰιοιιιδοτιιι
1021 1014 1178 1105 adiicere,
1204 1015 1268 1082 nisi
1287 1014 1365 1082 ido-

261 1139 362 1212 neam
383 1139 535 1186 caussam
552 1113 712 1185 haberet:
736 1115 926 1186 referuntur
951 1117 1040 1186 enim
1060 1116 1147 1186 haec
1165 1118 1270 1186 verba
1290 1141 1366 1186 ma-

261 1221 383 1292 nifesto
405 1220 450 1288 ad
473 1219 716 1288 dubitationem
736 1220 883 1308 aliquam
907 1219 952 1289 de
967 1221 1164 1289 auctoritate
1178 1221 1364 1314 Areopagi.

262 1325 377 1410 Quam
407 1332 445 1392 nt
471 1323 538 1391 hae
571 1322 647 1415 ipsa
677 1323 711 1391 in
744 1343 876 1413 caussa,
916 1346 1020 1413 qnam
1055 1323 1223 1411 defendit,
1258 1325 1366 1392 maxi-

262 1433 359 1497 mam'
379 1449 454 1495 esse
480 1425 651 1515 ostendat,
687 1426 858 1495 nonsatis
884 1426 989 1495 habet
1019 1426 1167 1520 patrium
1190 1426 1228 1495 id
1254 1431 1366 1496 Areo-

261 1553 356 1624 pago
377 1529 538 1598 iudicium
564 1529 688 1615 (licere,
714 1527 775 1597 sed
802 1528 896 1598 addit
911 1531 1022 1616 etiam,
1048 1529 1206 1599 mansisse
1230 1530 1262 1598 ei
1275 1551 1366 1622 pro-

227 1703 229 1707 .
262 1635 386 1727 prium,
413 1633 563 1722 quamvis
590 1631 662 1700 aliis
687 1631 722 1698 in
740 1634 841 1702 rebus
867 1633 978 1702 attrita
1003 1634 1045 1702 sit
1067 1641 1170 1723 atque
1194 1633 1366 1702 imminuta

264 1739 334 1806 eins
366 1743 526 1828 potestas.
577 1733 620 1802 ld
648 1734 675 1802 si
708 1735 774 1802 loci
802 1736 888 1805 illins
917 1737 1004 1806 ratio
1036 1737 1184 1806 omatins
1210 1735 1277 1806 diei
1301 1758 1366 1828 pa-

198 1859 202 1866 ·
263 1847 405 1930 teretur,
434 1838 556 1907 iisdem
578 1846 731 1958 poterat·
737 1839 848 1907 verbis
873 1839 939 1926 nti,
974 1839 1096 1930 quibus
1115 1847 1166 1910 est
1189 1861 1268 1908 usus
1292 1838 1367 1907 De-

263 1893 466 2015 mostireires.
509 1941 582 2010 Sed
607 1965 650 2009 ne
676 1941 749 2030 quis
774 1942 870 2010 nobis
895 1948 1101 2062 opponat’
1071 1971 1128 2046 ιφ
1170 1939 1273 2036 ὑμῶν
1297 1964 1367 2010 non

265 2070 338 2116 esse
363 2067 481 2133 nuno,
520 2043 581 2112 sed
613 2053 741 2114 vestra
773 2046 968 2134 memoria,
1002 2067 1067 2114 nec
1088 2046 1197 2114 minus
1221 2043 1367 2114 absurde

264 2149 368 2218 dici’
351 2145 413 2245 ια’
440 2145 542 2240 ὑμῶν
569 2142 812 2236 αἰιοδέδοται,
852 2171 954 2269 quam
980 2149 1007 2218 si
1032 2149 1106 2237 quis
1131 2148 1252 2218 Latine
1277 2148 1368 2216 dicat

263 2262 391 2322 vestra
416 2250 596 2320 memoria
623 2251 812 2344 competit:
836 2253 954 2344 paucis
976 2273 1162 2320 momemns
1183 2251 1220 2319 id
1245 2251 1367 2320 falsum

264 2379 347 2426 esse.
381 2356 471 2423 Nam
492 2377 533 2422 ea
550 2353 710 2442 loquendi
727 2354 838 2422 forma
852 2356 1036 2447 praesentis
1050 2355 1210 2447 temporis
1232 2375 1367 2422 omnem

262 2467 517 2553 permanentem
543 2465 666 2526 statum
685 2467 789 2543 notat,
819 2482 882 2526 neo
907 2467 1037 2527 tantum
1062 2457 1108 2526 ad
1133 2481 1186 2547 ea,
1219 2456 1367 2548 quaein

264 2585 307 2631 eo
333 2562 441 2653 spatio
466 2560 535 2627 iam
564 2561 826 2651 praeterierunt,
861 2561 923 2630 sed
946 2563 1046 2630 etiam
1078 2561 1124 2630 ad
1149 2582 1237 2629 nnnc
1262 2583 1366 2652 prae-

266 2666 373 2735 sentia
401 2671 502 2753 atque
536 2663 624 2732 adeo
655 2661 701 2731 ad
731 2664 844 2732 futura
867 2665 1020 2734 refertur.
1071 2665 1193 2753 Neque
1224 2663 1261 2731 id
1293 2664 1367 2732 oui-

264 2792 367 2859 qnam
392 2769 545 2860 ignotum
572 2789 646 2836 esse
671 2766 784 2836 oredo.
817 2766 902 2836 ldeo
927 2792 971 2838 ne
997 2766 1268 2836 dissimulandum
1293 2767 1366 2856 qni-

264 2873 345 2942 dem
371 2879 438 2956 est,
479 2870 539 2941 ubi
563 2893 631 2939 non
657 2893 677 2937 e
704 2892 742 2938 re
766 2878 825 2938 tua
850 2871 902 2944 sit.
952 2869 1146 2962 Xenophon
1175 2870 1220 2938 de
1243 2870 1365 2962 vestig.

264 2973 309 3059 o,
336 2973 370 3045 l.
406 2971 478 3052 anic
505 2970 570 3045 ονίι
604 2971 705 3054 ἄξιον
732 2969 777 3053 ιιι
801 2969 958 3063 τάχιοτα
984 2967 1131 3054 τούτοις
1157 2978 1367 3068 ἐπιχειρεῖν,

265 3085 326 3152 ἴνα
352 3076 409 3149 ἔτι
435 3072 498 3168 ἐφ’
519 3072 621 3172 ἡμῶν
643 3071 820 3167 ἐπίδωμιν
844 3068 913 3172 τήν
934 3070 1040 3149 πόλιν
1056 3072 1144 3167 μετ’
1170 3072 1368 3170 ἀσφαλείας

265 3175 568 3271 εὐδαιμονοῦσαν.
619 3177 900 3247 Demosthenes
890 3203 924 3247 ιιι
949 3181 1025 3271 ipso
1049 3179 1118 3247 fine
1139 3179 1295 3247 orationis
1321 3175 1367 3244 ad

262 3285 506 3352 Pantaenetum
539 3304 574 3372 p
604 3278 708 3354 984.
722 3277 765 3354 οὐ
791 3308 861 3404 rap
888 3285 923 3356 εἰ
945 3309 996 3380 μη
1024 3280 1097 3353 τοῖν
1124 3279 1316 3355 δικαίων
1298 3273 1367 3372 arai

263 3382 355 3484 ιιιιρ
381 3410 484 3476 υμιιν
510 3379 705 3477 τεύξομαι,
748 3381 856 3458 τοῦτ
892 3385 969 3459 εστι
999 3379 1240 3507 dacadraroa,
1284 3378 1366 3510 {tt
1389 3409 1392 3414 ·

264 3518 297 3563 ει
323 3488 475 3585 πρᾶγμα
510 3483 705 3561 δίκαιον
671 3487 878 3609 ωοισμινον
906 3493 943 3562 εἰι
977 3513 1113 3570 παντος
1137 3489 1207 3561 τοῦ
1232 3481 1365 3584 χρόνον

263 3590 343 3666 νννὶ
367 3580 637 3664 ιιατολιισετε’
619 3617 665 3686 ιφ
706 3587 819 3686 ημιιν
