2918 4890
211 313 325 383 ru¹
529 305 990 402 Χσιοεοωυιονωυε
1068 400 1072 407 .

28 493 33 505 ’
158 553 177 576 »,
212 505 298 589 παῖ,
329 501 366 571 εί
384 525 440 580 τις
457 497 504 572 άν
526 492 601 571 clad
625 493 818 596 σοῧπάρος
837 498 1080 596 ωροςγίνοιτο.
1133 499 1192 572 8ἰο
1220 502 1321 570 etiam

211 603 305 672 vlll.
320 601 355 690 3,
372 600 432 671 26.
451 611 486 670 ct
503 601 582 670 alibi
596 601 800 694 saepissime.

312 773 369 843 Ad
383 772 452 843 hoc
464 796 573 867 genus
594 771 848 841 constructionis
867 772 1037 865 pertinent
1053 774 1154 842 etiam
1169 776 1319 879 particu-

210 881 264 948 lae
283 874 328 960 oie
344 885 377 947 et
399 874 513 966 ὅπως,
542 876 723 969 quomodo
745 875 991 968 significantes,
1018 900 1106 968 quae
1128 879 1321 970 saepissime

210 1006 287 1052 cum
309 981 462 1074 optativo
488 990 522 1048 et
549 978 595 1052 άν
619 979 875 1071 coniunguntur.
927 981 1017 1048 Nam
1039 983 1140 1050 etiam
1163 983 1235 1051 siue
1257 982 1320 1051 illis

108 1088 111 1099 '
209 1085 381 1179 particulis
408 1083 514 1153 oratio
537 1083 724 1174 optativum
749 1090 785 1150 et
804 1079 850 1154 οίν
871 1081 1029 1151 habitura
1050 1093 1149 1158 esset.
1201 1086 1321 1154 Xeno-
1378 1074 1380 1080 ’
1443 1167 1445 1170 y

208 1188 315 1282 phou.
330 1184 416 1256 Hist
432 1184 494 1255 Gr.
507 1184 584 1259 vll.
599 1185 634 1274 1,
650 1183 712 1258 2λ.
740 1188 815 1258 ἐκεῖ
828 1184 867 1258 δὲ
884 1179 1068 1275 ἐλθόντες,
1094 1185 1226 1283 τώμίυ
1244 1188 1321 1282 θεῷ

209 1287 315 1365 οὐδὲν
337 1283 597 1377 ἐκοινώσαντο,
624 1285 719 1368 ὅπως
748 1285 795 1359 άν
820 1283 844 1382 η’
867 1281 990 1384 εἰρήνη
1015 1290 1179 1382 γίνοιτο,
1213 1286 1321 1363 αὐτοὶ
1440 1302 1442 1307 ’

209 1393 248 1466 dd
269 1385 517 1485 ἐβουλεύοντο.
567 1391 655 1458 lude
679 1389 738 1456 111.
761 1387 852 1474 2,1.
878 1389 936 1456 lv.
962 1389 998 1474 1,
1021 1390 1082 1461 49.
1108 1389 1167 1462 vl.
1191 1389 1227 1477 4,
1255 1388 1316 1458 28.

207 1491 386 1566 Demosth.
402 1516 439 1586 p.
457 1487 545 1579 195,
561 1489 623 1565 27.
650 1487 739 1581 345,
758 1488 818 1558 11.
845 1488 933 1578 992,
946 1490 1006 1560 22.
1026 1493 1157 1562 Platon.
1173 1491 1319 1563 Phaedr.

206 1622 244 1794 p.
265 1595 355 1769 ῗξέ.
378 1595 420 1664 Α.
474 1593 709 1666 Coufcreudus
732 1591 778 1661 ad
801 1614 880 1662 eum
906 1593 1081 1689 dialogum
1100 1594 1318 1665 Heindortius

309 1869 448 1940 Addam
459 1868 512 1938 his
527 1868 620 1937 aliud
636 1891 745 1962 genus
760 1868 901 1960 optativi
918 1867 952 1938 in
972 1869 1133 1937 sententia
1149 1869 1318 1939 conditio·

208 1975 275 2043 nali
293 1997 370 2043 cum
384 1973 551 2065 particula
567 1970 613 2046 άν
630 1972 828 2061 consociati,
856 1970 949 2040 cuius
970 1973 1055 2040 ratio
1077 1996 1182 2062 quum
1199 1973 1318 2041 lateret

208 2078 296 2146 viros
325 2077 462 2163 doctos,
503 2074 690 2145 tollendum
716 2075 906 2144 iudicarunt
932 2072 999 2164 άν,
1033 2085 1071 2142 ut
1096 2075 1317 2146 Thierschius

207 2181 303 2275 apud
323 2179 508 2250 Pindarum
529 2181 627 2249 Nem.
653 2177 727 2246 vll.
750 2177 838 2249 lul.
865 2180 900 2250 εἰ
920 2181 943 2252 d
951 2174 959 2194 ’
980 2171 1076 2252 αὐτά
1096 2178 1156 2251 καί
1169 2173 1256 2260 θεάς
1271 2178 1317 2251 άυ

208 2285 296 2382 ἔχον.
348 2284 466 2352 Potest
491 2283 538 2350 ita
561 2281 670 2373 accipi
693 2281 792 2349 etiam
810 2280 894 2348 illud
912 2280 1147 2374 Xenophontis
1170 2285 1205 2351 in
1224 2283 1316 2350 initio
1449 2297 1454 2304 ·

208 2387 376 2480 Agesilai,
407 2385 466 2453 uhi
494 2384 698 2454 Schaeferus
721 2384 966 2453 removendum
991 2387 1150 2454 censebat
1173 2384 1235 2459 civ:
1272 2380 1316 2458 ου’

208 2485 341 2610 μοῖράν
362 2486 475 2568 καλάς
491 2489 593 2577 ἔχοι,
621 2489 656 2558 εἰ
669 2482 730 2559 ὅτι
745 2488 869 2566 τελέως
891 2481 983 2584 α’νηρ
1001 2483 1142 2582 άχαθός
1161 2491 1315 2582 ἐγένετο,

209 2593 271 2665 δια
287 2589 401 2665 τοῦτο
425 2585 509 2663 οὐδὲ
530 2581 688 2683 μειόνων
708 2585 754 2660 άν
775 2582 951 2682 τυγχάνοι
966 2589 1132 2664 ἐπαίνων.
1187 2592 1317 2677 Quam·
1386 2616 1388 2620 ·

207 2717 310 2785 quam
333 2693 416 2762 nihil
440 2693 582 2786 impedit
603 2691 685 2783 quin
706 2689 763 2758 hic
784 2691 879 2760 locus
901 2692 1000 2762 etiam
1024 2695 1071 2762 sic
1094 2694 1315 2788 intelligatur:

206 2799 345 2869 malum
360 2807 472 2884 esset,
497 2797 549 2884 si,
577 2795 676 2888 qnod
687 2793 984 2888 perfectissimae
994 2797 1141 2867 virtutis
1154 2798 1212 2867 υίν
1222 2797 1315 2892 snit,

136 2892 143 2903 ’
206 2901 464 2972 astructorem
481 2901 626 2994 quidem
634 2908 765 2992 posset
781 2899 1035 2970 laudationem
1049 2901 1225 2971 nancisci.

309 3072 511 3142 Tenendum
534 3080 585 3139 est
604 3079 736 3156 autem,
763 3071 858 3160 quod
872 3072 918 3140 ad
937 3073 1194 3142 collocationem
1206 3074 1314 3167 parti-

207 3176 304 3245 culae
319 3175 364 3249 οἷν
378 3176 413 3244 in
426 3175 519 3244 hisce
533 3174 700 3243 sententiis
716 3174 991 3245 conditionalibus
1003 3178 1136 3264 attinet,
1163 3178 1245 3247 nihil
1259 3179 1314 3246 in-

205 3289 350 3364 teresse,
363 3288 487 3368 ⁸utrum
510 3278 620 3347 statim
643 3285 722 3369 post
748 3279 947 3369 particulam
971 3281 1245 3369 conditionalem,
1270 3303 1314 3348 au
1378 3279 1381 3283 ’

205 3383 409 3474 interpositis
433 3384 560 3472 aliquot
577 3382 735 3471 vocibus,
765 3406 809 3449 an
830 3381 967 3451 demum
984 3393 1065 3475 post
1084 3385 1226 3453 verbum
1245 3407 1313 3477 pc-

80 3481 85 3492 “
206 3500 314 3554 natur.
365 3485 612 3556 Demosthenes
641 3508 677 3576 p.
703 3480 790 3572 115,
811 3483 846 3553 9.
873 3485 926 3566 οἷς
951 3485 997 3560 άν
1023 3480 1091 3581 ε’χώ
1116 3487 1312 3584 ληφθείην,

206 3589 326 3663 ταῦτα
340 3583 521 3685 πράττων.
554 3584 716 3674 16111
743 3585 838 3669 ὅπως
860 3586 905 3662 άν
927 3616 982 3670 τις
1004 3585 1196 3680 ὀνομάσαι.
1228 3589 1313 3677 168,

208 3691 268 3760 24.
282 3689 327 3772 cic
344 3689 389 3764 άν
404 3689 678 3786 συνταχθείητε.
704 3691 900 3783 Xenophon
911 3693 1046 3760 Hellen.
1063 3693 1121 3762 Vl.
1140 3693 1175 3778 1,
1197 3693 1233 3762 9.
1253 3689 1312 3765 οἶ-

205 3822 277 3886 μαι
295 3792 354 3883 άν,
382 3790 502 3867 αὐτών
514 3796 546 3867 εἰ
561 3792 673 3872 ιιαλώς
685 3798 972 3887 τιεέαιμελοῐτο,
999 3791 1064 3867 ουίι
1081 3792 1175 3868 εἶναι
1190 3797 1312 3883 ἔθνος,

207 3893 320 3990 ὁποίῳ
338 3896 383 3970 cio
406 3890 607 3979 άξιώσαιεν.
633 3895 880 3965 Demosthenes
897 3921 933 3988 p.
956 3895 1042 3984 286,
1060 3897 1119 3966 28.
1146 3897 1232 3972 dciv
1252 3896 1312 3971 εὕ-

206 4008 308 4083 ξαιτο
318 4053 331 4086 ,
357 3994 568 4095 ποιήσομεν.
595 3997 683 4085 473.
698 3997 758 4068 26.
786 3995 910 4096 &caedri
927 3995 961 4071 θ’
975 3995 1180 4098 ἐπράξαμεν
1193 3995 1312 4075 πάνθ’

206 4098 268 4176 ὄσ’
281 4099 327 4173 άυ
349 4098 559 4191 εὐξαίμεθα.
588 4101 702 4188 1112,
720 4102 754 4170 2.
781 4102 828 4176 ἑά
848 4141 890 4153 -
914 4099 973 4176 ὅσῗ
989 4101 1035 4176 άν
1050 4105 1173 4197 ἔχοιμι
1189 4106 1311 4178 εἰπεῖν.

205 4201 293 4292 815,
312 4204 346 4273 7.
373 4201 418 4284 cic
433 4202 479 4275 σίν
493 4199 750 4297 συντομώτατ’
770 4209 866 4279 εἴποι
885 4234 948 4288 τις.
974 4206 1086 4296 14⁰1,
1108 4205 1168 4276 18.
1196 4202 1312 4288 ὄνοις

204 4307 250 4381 άν
272 4301 486 4383 κατάθοιτο.
538 4307 611 4378 Sed
636 4308 728 4379 idem
746 4333 782 4404 p.
808 4309 869 4399 ta,
891 4304 927 4378 5.
949 4305 1042 4409 άπερ
1064 4306 1230 4394 εὔξαισθ’
1256 4307 1311 4384 άν.
