2918 4890
167 231 234 297 ιςς
519 222 578 282 ιιι
603 219 878 283 ιιιιισιιι
900 215 950 284 ιν

164 414 342 511 Ἕλληνας
374 404 746 493 ναταδουλοὶσασθαι,
775 403 867 536 πρός
894 408 963 502 μὲν
995 435 1064 483 τον
1095 407 1285 496 τοιοῦτον,

171 513 398 617 νρατήσασαι
415 513 584 638 pollue*
558 540 605 586 αν
619 509 738 585 αὐτοῦ
752 512 812 585 ναὶ
828 539 922 583 τοτα
939 512 1005 607 yr'v
1020 509 1079 582 ναὶ
1093 539 1187 583 τοτα
1177 505 1284 583 θα-

174 628 313 695 λατταν
321 673 336 708 ,
362 612 533 741 εἰρήνην
523 620 572 696 ric
586 614 733 688 ἅπαντα
755 608 1031 708 συνεγράψαντο
1056 609 1123 686 τόν
1138 609 1283 706 χρόνον.

174 722 270 816 quod
287 732 358 808 est,
385 717 431 793 οὖ
446 713 646 817 ε’νράτησαν
666 717 723 790 ἄν.
773 717 901 786 llsrrum
915 739 997 784 vero
1010 725 1061 784 est
1077 716 1172 808 apud
1185 740 1285 784 eum-

174 826 256 896 dem
274 825 506 916 Isocratemp
522 821 608 892 129.
621 821 707 890 Δ.
680 821 828 942 molegi:
850 849 885 892 aa
880 821 941 891 ’δὲ
955 823 1013 891 δεῖ
1031 820 1092 890 καὶ
1109 819 1285 913 περὶτῶν

176 931 312 1013 ἔξωθεν
327 927 514 1023 βοηθειῶν
528 927 653 1009 εἰπεῖν,
679 921 840 1051 proeium
856 913 1011 1002 πολλους
1031 923 1182 994 ἔσεσθαι
1199 949 1285 1003 τους

174 1031 468 1155 βουλομένους’
449 1055 649 1121 ιιισμυνιιν
681 1025 781 1122 ἡμῖν.
820 1024 1020 1115 ἐπίσταμαι
1041 1051 1145 1148 γαρ
1136 1027 1284 1118 πρῶτον

175 1135 245 1226 μὲν
258 1126 494 1229 Αθηναιους,
520 1130 627 1203 εἶναι’
640 1123 695 1222 μή
708 1123 829 1201 πάντα
847 1123 940 1222 μεθ
954 1125 1057 1223 ἡμῶν
1071 1126 1181 1214 εἰσίν,
1208 1123 1284 1199 αλλ

175 1234 269 1333 υπέρ
284 1262 325 1327 ιιι
345 1235 409 1329 τῆς
426 1232 603 1354 σωτηρίας
623 1233 687 1328 τῆς
692 1229 883 1359 ἡμετέρας
896 1228 1023 1303 ὁτιοῦν
1038 1227 1085 1300 ἄν
1106 1223 1284 1323 ποιῆσον·
1387 1269 1392 1277 -

176 1363 259 1418 τας·
286 1339 414 1409 ἔπειτα
429 1336 503 1407 τοῖν
519 1333 636 1406 ἄλλων
652 1280 828 1407 πόλιον
806 1361 907 1408 εστιν
922 1332 964 1413 ἃς
976 1329 1109 1424 ὁμοίως
1125 1330 1172 1402 ἄν
1192 1330 1283 1426 ὑπὲρ

177 1440 253 1512 τοῖν
267 1435 357 1535 ἡμῖν
373 1430 634 1555 συμφερόντων
650 1433 696 1515 οἷς
709 1437 881 1558 περὶτῶν
895 1440 1041 1516 ἑαυταῖς
1059 1439 1285 1526 συμβουλευ-

178 1543 350 1633 σομένας
376 1539 432 1612 ἔτι
449 1538 488 1610 δὲ
502 1530 704 1610 Διονύσιον
727 1566 791 1610 τον
807 1531 987 1631 τύραννον
1003 1536 1065 1609 ταὶ
1080 1531 1148 1610 τόν
1165 1539 1285 1629 Αἰγυ-

176 1642 291 1716 πτίων
307 1641 460 1733 βασιλέα
483 1637 543 1710 ταὶ
566 1665 652 1719 τους
671 1637 801 1720 ἄλλους
820 1667 916 1712 νατα
931 1634 1000 1735 τήν
1019 1636 1149 1711 Ασίαν
1170 1634 1283 1712 δυνα-

179 1770 287 1833 οτας,
312 1738 405 1817 eoo
425 1739 513 1815 ὅσον
529 1745 677 1816 ἕκαστον
691 1736 886 1830 δονανται,
910 1735 1156 1834 προθύμως
1131 1771 1178 1814 αν
1197 1740 1286 1836 ἡμῖν

177 1840 492 1943 ἐπικουρήσοντας
527 1845 569 1912 ln
582 1842 672 1912 his
650 1845 778 1918 οτιοῦν
793 1872 839 1917 αν
851 1866 917 1937 pro
931 1837 1137 1934 vulgato'
1083 1871 1206 1916 ποντα
1221 1846 1286 1912 ha-

176 1949 237 2018 bet
260 1948 337 2020 eod.
363 1948 518 2016 Vrbinas.
569 1946 714 2016 ldem
688 1975 735 2020 αν
756 1956 839 2040 post
863 1939 1064 2065 προθύμως
1084 1948 1224 2034 omittit,
1249 1957 1287 2016 ut

177 2050 347 2143 quidem
337 2075 373 2120 ιιι
392 2052 509 2121 litteris
527 2049 573 2118 ad
596 2050 754 2120 medatis
776 2050 955 2120 Bekkerus
978 2049 1129 2140 scripsit:
1154 2044 1233 2118 nam
1252 2054 1287 2119 in

177 2155 323 2225 editione
340 2178 400 2224 sua
415 2155 497 2223 nihil
516 2154 561 2222 de
575 2177 618 2223 ea
634 2155 813 2224 omissione
826 2153 1007 2222 adnotavit
1040 2149 1122 2220 Et‘
1100 2154 1225 2226 οτιοῦν
1240 2154 1286 2228 οἶν

177 2252 318 2349 quidem
337 2268 431 2327 recte
453 2257 628 2344 sehabet,
654 2258 750 2348 quod
769 2258 827 2327 hic
842 2256 889 2330 cir
910 2279 979 2324 uon
1000 2254 1048 2322 ad
1071 2257 1287 2348 participium

176 2362 333 2453 pertinet
383 2361 463 2428 Duo
477 2358 523 2431 ἄν
541 2369 654 2428 autem
674 2383 763 2447 quae
775 2369 979 2450 sequuntur,
1004 2359 1067 2426 uisi
1085 2358 1191 2427 deleri
1208 2361 1286 2452 pla·

178 2472 258 2548 cet,
282 2462 455 2551 requirere
477 2461 591 2528 aoristi
605 2463 818 2554 participium
832 2463 1004 2548 videntur,
1031 2461 1125 2550 quod
1147 2463 1287 2552 quidem

176 2564 278 2633 etiam
292 2564 346 2632 isti
364 2560 489 2637 ὁτιοῦν
506 2561 552 2636 οἷν
567 2563 646 2632 addi
660 2566 779 2656 potuit
820 2566 929 2632 Recte
947 2565 1109 2654 scriptum
1123 2576 1175 2633 est
1192 2567 1286 2658 apud

175 2667 442 2737 Demosthenem
460 2689 496 2759 p
518 2666 601 2754 128,
617 2665 677 2736 29.
704 2661 819 2740 πάλαι
838 2694 894 2748 τις
908 2665 1056 2756 illoc*
1031 2695 1077 2738 αν
1095 2669 1209 2748 ἴσως
1192 2697 1286 2764 opo-

175 2763 296 2866 νήσων
320 2764 493 2866 ναθηται
546 2719 645 2856 Quae
665 2772 713 2840 ibi
732 2771 889 2839 Bromius
910 2793 953 2840 ex
973 2767 1096 2836 eodem
1122 2773 1286 2863 scriptore

177 2874 453 2941 commemoravit
467 2876 640 2966 exempla,
667 2897 784 2942 eorum
798 2874 867 2943 duo
882 2873 1038 2941 codicum
1057 2895 1126 2966 ope
1144 2874 1287 2943 liberata

177 2984 255 3043 sunt
270 2976 327 3042 illa
350 2977 612 3045 constructione:
640 2976 683 3045 de
705 2978 802 3044 tertio
818 2977 927 3045 statim
946 2975 1068 3043 dicam.
1118 2975 1286 3046 Schaefe-

176 3100 233 3145 rus
254 3099 323 3145 non
344 3077 473 3166 liquere
497 3079 561 3145 sibi
584 3079 646 3167 ait,
673 3079 735 3147 sed
759 3077 805 3151 σῖν
827 3082 909 3160 ἴσως
930 3079 1042 3145 iuncta
1063 3101 1105 3148 ex
1122 3081 1284 3172 parallelo

176 3188 285 3272 putat.
337 3179 378 3247 ld
398 3181 571 3269 quomodo
595 3183 669 3250 lieri
687 3183 811 3274 possit,
836 3204 905 3250 uon
925 3182 1037 3254 video.
1090 3182 1162 3250 Sed
1184 3185 1286 3276 plana

177 3290 230 3351 est
247 3306 312 3368 res,
340 3282 434 3372 quod
450 3284 649 3376 simulatque
668 3287 889 3378 interpuugas
904 3295 1062 3377 apparet:
1087 3280 1202 3358 πάλαι
1217 3314 1284 3368 τις,

176 3381 286 3480 ἡδέως
310 3383 356 3456 ἄν
384 3387 487 3465 ἴσως,
523 3383 710 3485 ἐρωτήσων
741 3383 913 3484 κάθηται.
966 3388 1206 3481 supplendum
1233 3400 1285 3457 est

176 3487 264 3556 euim
281 3487 424 3583 ἐρωτιὸν
437 3488 507 3557 sive
526 3491 640 3564 τοῦτο
660 3491 785 3563 ποιων.
837 3491 900 3560 llle
921 3500 1033 3559 autem
1055 3515 1157 3581 quem
1178 3492 1284 3560 modo
1307 3536 1311 3542 ·

177 3588 333 3659 dicebam
347 3590 431 3658 alter
452 3591 545 3660 locus
560 3594 607 3660 ita
628 3594 732 3685 vulgo
748 3594 873 3686 legitur
890 3618 926 3685 p
946 3593 1033 3675 284,
1054 3592 1167 3662 its
1139 3622 1184 3674 ως
1201 3592 1283 3666 οὐδ’

177 3716 224 3764 αν
240 3695 278 3764 α’
287 3721 325 3766 τι
334 3694 544 3786 ιένοιτοὲτι
560 3689 861 3784 συμπνευσόντων
874 3694 920 3768 ἄν
930 3693 1032 3790 ἡμῶν
1047 3696 1107 3768 καὶ
1120 3697 1193 3770 τῶν
1209 3700 1283 3793 Θη-

176 3792 304 3884 βαίων.
345 3793 538 3864 Alterum
513 3823 559 3868 αν
579 3819 600 3864 a
618 3795 779 3867 Bekkero
795 3807 846 3866 est
862 3796 965 3869 codd.
980 3799 1204 3887 quorumdam
1220 3822 1283 3867 au-

177 3895 330 3964 ctoritate
353 3896 513 3972 deletum.
565 3899 617 3967 lta
630 3910 723 3969 recte
738 3924 774 3968 se
792 3900 898 3969 habet
913 3901 1037 3970 oratio.
1063 3929 1108 3982 ως
1122 3928 1166 3974 ου
1185 3928 1283 3994 συμ-

177 3991 424 4086 πνευσόντων,
451 3996 574 4074 οὐδ’Ἀ
549 4030 595 4074 αν
612 4005 649 4076 εἴ
666 4029 705 4075 τι
724 4004 884 4095 γένοιτο,
911 4005 1057 4097 repetito
1077 4005 1174 4072 verbi
1193 4007 1283 4073 aori-

177 4108 241 4191 sto,
268 4125 583 4194 συμπνιυοαντων
616 4099 728 4174 Recte
748 4106 848 4174 etiam
862 4107 1001 4181 Lueiau.
1006 4107 1212 4233 contempl:
1226 4107 1283 4179 14.

178 4201 222 4273 Τ.
237 4201 264 4273 1.
255 4226 316 4297 ..p
328 4199 414 4276 51⁰.
440 4207 478 4279 ἐν
493 4199 657 4305 τοσούτῳ
672 4208 961 4307 δὲὲπαιρέσθων,
987 4207 1032 4292 οἷς
1047 4237 1157 4307 αναφ
1167 4207 1283 4310 ὀψη-
