2918 4890
175 267 218 328 ω
512 260 573 333 DE
607 258 883 322 Pauulcvua
903 255 951 323 dv

178 476 220 523 ex
236 453 328 521 nulla
347 450 537 520 conditione
558 475 763 544 suspensam.
814 450 935 520 Attulit
955 450 1122 523 Matthiae
1143 447 1179 548 §.
1202 448 1291 526 568.

177 566 245 626 not.
267 556 298 624 l.
351 555 534 648 Sophoclis
546 555 636 624 hoc
627 578 662 624 ιιι
676 553 765 626 Oed
779 556 823 623 R.
839 551 925 624 255.

280 704 365 782 ov'd’
392 712 427 781 εἰ
450 734 520 806 γαρ
547 704 591 805 ἦν
617 736 662 782 νο
689 710 841 829 πρᾶγμα
867 735 919 804 μη
946 703 1152 804 θεήλατον,

209 880 211 889 ,
280 804 538 909 ἀκάθαρτον
517 811 610 906 νμᾶς
636 804 728 892 clade
754 807 798 908 ἦν
823 808 937 892 οὕτως
962 813 1047 901 ἐᾶν,

177 975 212 1036 et
230 964 466 1057 Xenophontis
481 963 589 1036 Mem.
606 963 643 1037 S.
660 963 703 1032 ll.
724 961 760 1050 7,
776 963 837 1033 16.
865 967 898 1041 εἱ
913 991 982 1057 μεν
996 963 1122 1038 coaeva
1137 993 1290 1063 αιοχρον

177 1097 217 1143 τι
238 1069 388 1162 ἔμελλον
405 1065 655 1162 ἐργάσασθαι,
683 1061 850 1140 θείνατον
875 1063 960 1139 dvc
983 1064 1102 1141 αὐτοῦ
1121 1071 1288 1162 αἱρετέον

176 1167 230 1266 ἦν
282 1172 471 1261 Vtrumque
487 1180 581 1239 recte
606 1170 743 1239 dictum.
795 1171 884 1238 Nam
908 1179 942 1238 et
955 1193 1025 1239 non
1048 1171 1185 1263 expiare
1207 1196 1288 1240 cae-

177 1275 275 1363 dem,
302 1283 337 1343 et
365 1284 465 1367 turpe
489 1274 572 1364 quid
592 1274 735 1342 facere
726 1275 868 1366 impium
884 1282 974 1361 erat,
999 1297 1201 1367 semperque
1216 1277 1287 1343 im-

176 1379 272 1472 pium
295 1387 355 1447 est.
407 1378 526 1468 ltaque
540 1386 668 1445 tantum
689 1378 801 1463 abest,
827 1387 865 1446 ut
883 1377 970 1445 haec
995 1379 1160 1447 anomalia
1179 1400 1285 1468 quac-

177 1483 257 1551 dam
278 1483 337 1569 sit,
363 1480 652 1571 quemadmodum
670 1480 857 1549 Schaefero
878 1474 1295 1551 videbaturinMeletems

175 1609 211 1678 p.
236 1580 297 1652 55.
321 1593 359 1654 ut
386 1585 601 1653 certissimam
623 1585 738 1677 legem
766 1584 892 1652 habeat
918 1585 1103 1678 particulae
1133 1587 1285 1655 omissio:

176 1689 268 1758 cuius
299 1688 384 1780 legis
415 1689 580 1756 rationem
604 1711 671 1756 non
695 1697 914 1779 perspectam
939 1712 1012 1758 esse
1038 1711 1058 1756 a
1087 1688 1285 1774 Schaefero‚

175 1792 351 1860 manifesto
367 1792 481 1884 prodit
501 1791 671 1859 adnotatio
693 1787 754 1858 85.
778 1815 816 1883 p·
829 1790 915 1860 129.
968 1795 1091 1883 Neque
1111 1794 1199 1862 euim
1219 1793 1286 1886 ipsi

175 1896 282 1964 verbo
304 1895 373 1963 hoc
394 1895 609 1963 tribuendum
631 1903 699 1983 est,
726 1894 820 1986 quod
841 1897 1006 1988 particula
1029 1919 1145 1965 carere
1161 1905 1285 1990 potest,

175 1999 237 2068 sed
252 2007 366 2092 potest
386 1999 423 2066 id
448 2008 519 2066 tum
540 1999 678 2067 demum
700 1999 790 2083 fieri,
817 2022 922 2088 quum
941 2001 997 2068 vel
1019 1999 1184 2069 verbum
1174 2023 1286 2093 ipsum

174 2126 243 2171 non
268 2111 398 2172 tantum
420 2103 578 2171 auxiliare
601 2112 668 2191 est,
694 2101 867 2171 sedidem
890 2103 1284 2223 quoddssq‘vsignificat,

174 2215 211 2275 ut
238 2207 332 2299 apud
352 2207 479 2275 Demos
481 2205 676 2298 thenemp
699 2203 794 2296 656,
829 2204 864 2274 6.
892 2209 928 2278 εἰ
945 2233 1016 2302 γαρ
1034 2206 1208 2304 μηδὲν
1169 2235 1286 2297 ειχετε

173 2309 247 2383 cciv
271 2308 388 2382 ἄλλων
409 2307 652 2402 λογίσασθαι,
679 2305 856 2406 μηδ”εφ’
881 2307 982 2432 aipein
1005 2305 1127 2382 αὐτῶν
1151 2308 1285 2384 οἷοίτε

173 2408 238 2502 ἦτε
267 2411 386 2483 ταῦτα
414 2417 593 2496 συνεῖναι,
628 2439 684 2534 ην
699 2415 788 2484 ἰδεῖν
802 2405 1047 2536 παράδειγμα
1068 2407 1286 2495 Ὀλυνθίους

171 2512 364 2592 τουτουσί,
394 2519 434 2585 οἳ
451 2511 490 2585 τί
510 2505 747 2611 πεποιηκότος
763 2510 887 2595 αὐτοῖς
912 2514 1096 2587 Φιλίππου
1119 2513 1193 2595 noia
1216 2545 1284 2589 αυ-

40 2613 43 2618 ’
171 2615 224 2709 τῷ
238 2617 450 2714 νίχρηνται;
475 2616 530 2684 vel
544 2615 603 2684 ubi
624 2616 825 2685 adiectivum
840 2616 972 2686 accedit
988 2617 1162 2703 eiusmodi,
1189 2621 1285 2710 quod

171 2719 299 2810 aliquid
320 2742 385 2811 per
408 2743 444 2787 se
461 2743 580 2789 verum
597 2721 781 2813 significat,
809 2730 846 2789 ut
865 2744 934 2788 non
953 2722 1058 2812 possit
1080 2725 1284 2792 contrarium

171 2824 367 2915 oppositum
391 2824 549 2915 cogitari,
583 2825 686 2892 veluti
710 2825 744 2892 iu
769 2823 838 2892 hoc
861 2823 1042 2917 Sophoclis
1061 2825 1096 2893 in
1117 2823 1207 2896 Oed.
1237 2828 1282 2896 R„

172 2925 283 2996 1368.
310 2925 404 3017 quod
423 2927 627 2996 Schaeferus
647 2927 764 2996 affert:
945 2919 948 2925 ¹

272 3079 444 3175 κρείσσων
466 3105 535 3175 γαρ
562 3075 662 3177 ἦσθα
687 3075 816 3179 μηκέτ
842 3079 912 3170 ὤν,
939 3078 1055 3178 tilde
1080 3075 1254 3178 τυφλός,

170 3231 263 3361 qpod
277 3232 369 3300 idem
393 3241 443 3300 est
457 3240 559 3322 atque
577 3239 744 3329 κρεῖττον
762 3228 828 3332 ἦν,
852 3261 904 3331 μη
896 3226 985 3333 ζῆν
1003 3261 1063 3325 σε,
1090 3233 1114 3332 ἤ
1139 3229 1281 3331 aeolos

169 3332 280 3422 εἶναι,
308 3346 340 3403 et
353 3335 480 3404 ibidem
495 3333 606 3405 1375.

270 3484 351 3561 ἄλλ
381 3487 403 3584 ἠ
431 3491 563 3564 τέκνων
590 3484 674 3587 δῆν
701 3487 786 3586 ὄψις
810 3483 855 3587 ἦν
881 3487 1062 3588 ἐφίμερος.

167 3643 289 3731 Neque
303 3643 393 3710 enim
410 3650 468 3710 aut
482 3639 526 3731 ον’
539 3647 707 3738 κρεῖττον
723 3637 787 3738 ἦν,
814 3651 872 3711 aut
886 3638 950 3716 οὐκ
967 3638 1011 3740 ἦν
1025 3640 1196 3742 ἐφίμερος
1211 3665 1276 3737 op·
1309 3659 1312 3663 “

167 3746 248 3837 poni
273 3755 403 3836 potest,
431 3745 492 3813 sed
517 3745 675 3837 opposita
695 3747 904 3838 cogitantur,
931 3755 974 3815 at
992 3769 1125 3817 caecas
1151 3769 1209 3818 ea:
1236 3756 1280 3817 at

170 3870 278 3916 cares
295 3850 475 3942 adspectu
496 3847 704 3919 liberorum.
757 3849 997 3938 ltaque-etiam
1019 3851 1131 3919 Latini
1151 3852 1187 3919 in
1209 3850 1279 3919 hoc

167 3973 294 4044 genere
318 3974 386 4020 uon
409 3953 635 4039 coniunctim,
659 3952 720 4020 sed
739 3952 920 4020 indicativo
944 3962 1097 4034 utuntur,
1129 3952 1278 4045 licebat,

103 4098 105 4102 ι
169 4050 382 4147 oportebat,
417 4078 572 4147 aequum
599 4064 702 4142 erat,
743 4065 776 4123 et
798 4057 1032 4146 quaecumque
1052 4065 1128 4126 suut
1155 4057 1278 4126 huius-

167 4156 261 4226 modi
279 4157 341 4224 alia
359 4156 518 4231 diceutes.
560 4158 616 4225 Ex
629 4180 697 4248 quo
717 4168 879 4249 apparet,
906 4182 1016 4248 neque
1030 4161 1064 4228 in
1079 4160 1142 4229 illis
1160 4184 1277 4229 exem-

167 4261 251 4358 plis,
278 4282 366 4352 quae
388 4260 592 4330 Schaeferus
612 4280 647 4352 p.
670 4259 756 4333 129.
776 4260 893 4351 affert,
921 4263 1027 4332 omitti
1047 4264 1206 4359 potuisse·
1219 4261 1276 4351 οἷν,
