2918 4890
42 268 61 329 γ
98 265 140 327 44
434 255 492 316 DE
526 253 803 326 utnulcvnt
825 248 874 317 δν

100 443 222 545 τιιήν,
247 439 425 544 τετόρτην
450 445 488 519 δὲ
506 441 725 572 Αφροδίτης
744 443 802 515 καὶ
820 441 1004 537 Ερωτος,
1031 436 1214 564 ε’ροιτιιιὴν’

101 551 237 646 pavido
253 545 437 671 ἐφήσαμεν
451 575 493 620 τε
510 543 662 669 ἀρίστην
677 543 788 626 εἶναι,
816 547 876 618 καὶ
891 542 955 618 oda
977 542 1094 617 οἶδ’”
1073 571 1147 640 οπῃ
1160 572 1205 617 το

105 647 275 775 ἐρωτικόν
296 645 416 731 πόθος
434 644 701 737 απειιιόζοντες,
730 649 811 727 ἴσως
834 647 904 739 μὲν
925 643 1085 768 ἀληθοῦς
1105 641 1208 727 τινός

103 748 382 872 ἐφαπτόμενοι,
405 746 501 841 τόχα
528 747 564 824 δ
587 751 633 822 όν
658 778 716 822 ναι
709 748 863 822 ἄλλοσε
889 742 1205 870 παραφερόμενοι,

103 852 317 954 περάσαντες
338 851 382 927 οδ
408 879 641 928 πανταπασιν
671 847 856 924 απίθανον
879 845 1010 941 λόγον,
1043 844 1206 942 μοθικόν

103 989 187 1035 τινα
201 956 315 1050 ὕμνον
335 955 623 1073 προςεπαίοαμεν
637 953 791 1049 μετρίως
808 981 850 1026 τε
870 953 929 1024 ναὶ
950 944 1116 1048 εὐφήμως
1139 945 1206 1025 τόν

82 1056 194 1155 ·ε’μόν
216 1087 258 1133 τε
277 1059 337 1131 ναὶ
360 1052 425 1131 σόν
447 1053 625 1154 δεσπότην
641 1055 789 1151 Ερωτα
798 1110 813 1143 ,
846 1083 872 1127 ω
901 1057 1056 1150 Φαῖδρε,
1088 1054 1206 1126 παλτόν

73 1182 79 1201 ’
104 1161 288 1237 παίδων
267 1187 411 1255 εφορον.
462 1161 580 1229 Nam
571 1183 607 1227 ιιι
628 1161 741 1250 priore
762 1159 883 1226 horum
904 1159 1056 1225 locorum
1079 1157 1207 1225 etiamsi

104 1260 200 1355 τόχα
233 1265 383 1347 abesset,
413 1274 505 1331 recte
540 1270 697 1380 potuerat
728 1260 774 1332 οἳν
806 1261 983 1352 participio
1007 1258 1105 1346 addi,
1137 1281 1207 1349 quo

105 1369 364 1460 significaretur,
391 1363 536 1457 sisorte
550 1365 690 1432 animoa
703 1386 774 1432 ποπ
789 1364 990 1433 custoditos
1005 1362 1207 1454 deprehen-

105 1471 210 1540 dant.
262 1466 428 1536 Omittunt
447 1466 606 1535 autem
582 1496 627 1539 αν
649 1467 750 1556 aliqui
773 1467 886 1540 codd..
937 1467 977 1534 ln
998 1467 1103 1533 altero
1124 1487 1208 1533 vero

105 1575 179 1661 quis
204 1593 272 1638 non
295 1569 405 1656 videt,
430 1571 459 1638 si
481 1569 657 1662 participio
682 1570 896 1638 substituatur
919 1568 1061 1660 simpleu
1089 1569 1208 1653 oratio,

106 1673 286 1743 dicendum
301 1695 383 1757 esse,
403 1665 498 1761 τοίχα
511 1667 545 1743 δ’
560 1671 606 1742 όν
620 1671 746 1745 ἄλλοσε
761 1671 1081 1766 παραφεροίμεδα.
1108 1670 1209 1738 Vnde

105 1776 162 1844 hic
184 1798 319 1867 quoque
340 1773 385 1846 oin
407 1797 485 1841 cum
499 1775 603 1842 verbo
618 1784 844 1843 constructum
864 1799 937 1842 esse
955 1783 1060 1865 patet,
1112 1773 1226 1842 Talis·

106 1889 157 1949 est
170 1881 270 1948 etiam
283 1877 515 1968 Aristophanis
528 1879 623 1945 locus
637 1879 671 1944 in
686 1877 807 1968 Vespis
823 1901 861 1950 ν.
874 1876 959 1950 280.

270 2023 365 2120 πόχα
393 2026 429 2102 δ’
456 2025 501 2101 δν
528 2023 589 2103 διδ
614 2023 680 2102 τόν
707 2023 870 2119 χθιζινόν
901 2027 1054 2129 ἄνδρα·

270 2160 360 2222 πον,
388 2132 426 2212 ὃς
452 2132 545 2229 ἡαοῖς
571 2126 738 2206 διεδύετ’

271 2236 473 2320 ἐξαπατῶν,
500 2237 608 2328 λέγων
635 2234 680 2315 uic

270 2363 331 2408 ναι
358 2331 648 2459 φιλαθήναιος
625 2364 668 2432 ην
695 2365 754 2408 και

270 2433 351 2523 τοῖν
365 2432 426 2508 Σοῖ
426 2465 482 2531 μς)
510 2439 650 2533 πρῶτος
675 2435 860 2530 κατειποι,

271 2532 332 2611 δια
357 2541 447 2611 τοῦτ
453 2535 692 2638 ὀδυνηδείς,

272 2635 345 2713 ειτ’
371 2644 452 2722 ἴσως
477 2648 593 2716 κεῖται
618 2644 814 2741 πυρέττων.

107 2796 196 2865 Nam
211 2793 291 2884 quid
306 2796 396 2863 aliud
408 2792 504 2864 istud
520 2796 747 2888 participium,
775 2817 877 2884 quam
892 2795 1026 2864 brevior
1044 2795 1212 2885 quaedam

109 2897 245 2966 dicendi
254 2899 340 2964 ratio
350 2908 410 2985 est,'
424 2891 703 2984 contructa‘cxeo‚
718 2899 811 2988 quod
820 2899 920 2990 plene
931 2899 1108 2984 diceretur,
1124 2893 1212 2986 τάχ’

108 2999 155 3071 oio
177 2996 390 3096 ὀδυνηθείη,
425 3001 484 3072 ναὶ
506 2998 584 3071 εἶτα
602 3009 719 3074 νεῖται
742 2996 959 3094 πυρέττωνῖ
980 3003 1099 3091 ltaque
1123 3001 1212 3068 eius-

109 3101 202 3170 modi
225 3101 335 3191 potius
358 3102 439 3169 locis
459 3102 621 3170 utendum
635 3114 707 3171 erat
721 3103 929 3186 Schaefem,
955 3106 1062 3192 qualis
1082 3103 1139 3173 hic
1162 3111 1213 3170 est

109 3202 342 3276 Andocidisin
360 3226 409 3277 or
432 3204 476 3272 de
494 3215 631 3295 myster
648 3205 735 3279 117.
755 3229 791 3296 p
815 3204 876 3279 15.
904 3207 973 3274 sive
991 3205 1077 3278 136.
1097 3204 1214 3325 Bekk.

109 3303 171 3379 58.
192 3304 309 3379 Reisk.
338 3308 424 3400 φέρε
440 3302 484 3402 δη
496 3306 633 3396 τοιιον,
659 3336 686 3378 ω
676 3303 839 3399 ανδρες,
865 3302 961 3398 τόχα
976 3305 1045 3426 peip
1061 3307 1105 3380 οἲν
1120 3301 1214 3378 αὐτο

109 3403 289 3502 βούλεσθε
306 3411 496 3482 πυθέσθαι
506 3463 519 3495 ,
548 3437 566 3481 ο
559 3408 625 3482 δὲ
643 3407 802 3488 Καλλίας
817 3437 853 3480 τι
848 3407 1092 3529 ’βουλόμενος
1108 3407 1214 3504 ἐτίθη

110 3505 177 3608 τήν
191 3508 384 3605 ἱκετηρίαν.
436 3509 606 3579 Omittit
581 3541 627 3584 αν
644 3512 753 3586 codex
766 3534 868 3599 unus,
894 3515 1007 3580 nescio
1027 3536 1071 3580 an
1093 3534 1113 3578 e
1135 3534 1214 3578 cor·
1259 3550 1267 3561 ι

110 3613 258 3689 rectione
285 3612 469 3702 cuiuspiam
499 3615 753 3705 grammatici.
777 3615 825 3682 At
855 3615 929 3703 quis
957 3638 1025 3683 non
1056 3614 1214 3705 corrigat,

109 3709 205 3802 τόχα
219 3739 289 3807 γαρ
309 3741 353 3785 αν
364 3709 565 3805 βούλοισθε
581 3711 798 3789 nudandae?
823 3718 982 3786 Srmdrter
991 3717 1190 3809 peccatum
1180 3739 1216 3784 ιιι

111 3816 313 3907 quibusdam
328 3817 418 3885 libris
433 3817 601 3887 Herodoti
617 3818 707 3894 vill
723 3806 809 3893 136
825 3819 952 3910 dequo
972 3820 1076 3889 loco
1066 3843 1101 3888 m
1118 3827 1216 3910 opta·

111 3919 170 3988 tivi
182 3920 403 4010 explicatione
418 3920 558 3995 dicetur

212 4023 289 4101 Non
306 4031 356 4089 est
373 4021 430 4090 hic
449 4025 576 4094 silentio
592 4023 855 4116 praetereundus
870 4026 963 4093 locus
980 4023 1214 4115 Aristophanis

21 4124 22 4130 '
110 4127 144 4194 in
160 4124 249 4192 Pace
264 4146 296 4195 v,
311 4123 424 4198 1028.
436 4127 554 4215 inquo
570 4150 625 4194 me
640 4128 710 4195 iure
723 4129 850 4195 notavit
863 4129 1039 4196 Dobraeus
1054 4151 1089 4217 p.
1104 4125 1216 4216 (110)

112 4227 205 4320 quod
228 4227 261 4302 in
282 4225 391 4303 Elem.
416 4228 459 4304 l).
480 4229 531 4303 Μ.
561 4223 667 4304 ὁπόο’
698 4228 742 4303 δν
767 4223 880 4327 χρεόν
906 4235 984 4304 ἐστι
1010 4228 1213 4319 reliquerim.
