2918 4890
292 279 688 361 osrnsonurrou'mvs
702 291 927 368 ernvsom
942 282 1114 356 curros.
1186 297 1250 360 aro

170 493 183 505 ’“
204 445 341 572 [bile-dl
367 462 511 571 π]ο’νους
537 455 782 581 προρέρεσκεν
808 480 880 581 [ἑῆς
905 489 957 572 d]r
983 477 1105 581 νηδύος
1127 482 1248 582 ἁγνῆς,
1296 472 1300 483 ’

231 590 233 594 '
316 591 417 675 [abir
441 585 617 684 χαίρουσα
645 583 788 682 φίλ[οις]
814 587 925 661 πᾶσιν
951 582 1094 684 drama
1119 583 1199 676 dal]

152 756 248 824 Num.
270 756 357 826 haec
380 779 461 825 vera
483 778 556 824 esse
576 755 723 847 possint,
756 757 943 824 accuratior
972 757 1119 850 cognitio
1138 757 1248 828 dooe-

153 859 211 928 bit
264 859 306 931 V.
324 861 359 932 2.
392 858 591 928 wolckerus
614 857 942 953 dArzPENTm
962 869 1068 939 mutat
1087 858 1120 926 in
1141 863 1249 933 Φλω-

153 962 309 1052 ρέντιος,
342 960 436 1053 quod
458 963 599 1029 alterurn
617 982 743 1029 nomen
763 961 934 1052 Apollonii
953 963 1010 1045 sit,
1043 964 1122 1053 quia
1141 967 1249 1037 Φλω-

150 1065 297 1151 ρέντιον
318 1074 356 1135 ut
371 1086 494 1134 nomen
510 1064 654 1132 feminae
674 1073 866 1155 suspectum
886 1065 935 1132 sit
986 1065 1064 1133 Hoc
1084 1068 1249 1158 posterius

105 1251 108 1257 1
153 1167 291 1254 quidem
316 1168 415 1236 facile
443 1168 550 1258 quivis
580 1165 759 1235 concedet:
791 1165 855 1235 sed
881 1165 950 1236 veri
977 1175 1089 1236 tamen
1113 1169 1247 1241 similius
1340 1176 1343 1181 '

153 1269 300 1353 videtur,
336 1269 550 1340 scribendum
572 1291 646 1338 esse
667 1267 884 1365 Φλωρεντῖᾳ.
939 1269 1158 1363 Quamquam
1179 1272 1249 1341 lroc

149 1371 197 1446 ad
218 1397 383 1442 summam
401 1374 476 1441 leve
498 1379 559 1440 est.
609 1370 653 1445 V.
668 1369 703 1440 3.
728 1380 838 1464 primo
851 1381 994 1440 metrum
1013 1374 1166 1442 vitiosum
1188 1385 1248 1465 est,

153 1474 276 1542 deinde
300 1469 500 1571 τελεθούση
529 1474 749 1542 nominativus
775 1484 897 1566 peccat
920 1476 956 1543 in
984 1477 1247 1567 grammaticam.

78 1570 81 1583 ’
154 1577 257 1662 Quod
283 1579 329 1646 ait
362 1577 579 1664 wolckerus,
615 1575 854 1668 „singularis
880 1577 1013 1646 locutio
1040 1587 1096 1647 est
1120 1579 1249 1668 βίοτον

152 1670 396 1776 τελεθούση’,“
421 1701 539 1748 verum
552 1688 658 1763 esset,
681 1679 789 1757 sinon
803 1689 891 1748 esset
909 1703 1064 1748 numerus
1082 1679 1247 1751 adiectus:

152 1805 221 1873 quo
241 1782 357 1851 addito
383 1805 448 1851 non
471 1781 579 1873 magis
602 1780 786 1872 quidquam
803 1783 976 1875 singulare
1002 1784 1036 1851 in
1055 1783 1248 1856 verbisillis

152 1894 219 1972 est,
245 1908 347 1975 quam
370 1885 399 1954 si
419 1883 546 1953 dictum
571 1893 659 1952 esset
679 1883 808 1976 βίοτον
824 1885 1104 1979 τριακονταέτις.
1155 1888 1196 1955 V.
1212 1887 1247 1956 4.

152 1992 236 2062 ΛΗ
247 1989 389 2073 litteras,
415 2011 502 2077 quae
514 1986 693 2059 inutilesin
709 1986 876 2080 principio
890 1988 1129 2078 positaeusunt,
1151 1990 1248 2058 Wel-

153 2090 274 2159 ckems
295 2113 338 2160 ex
361 2090 440 2163 CH
455 2089 691 2180 praecedentis
713 2111 829 2158 versus
850 2099 978 2159 temere
999 2092 1157 2181 repetitas
1176 2115 1248 2184 pu-

106 2227 116 2259 ι
151 2202 210 2261 tat
260 2193 308 2262 At
328 2190 615 2282 quemadmodum
636 2191 704 2259 hoo
728 2213 852 2282 parum
876 2192 1072 2284 probabile,
1098 2195 1145 2263 sic
1164 2194 1248 2265 illud

151 2319 190 2366 re
206 2295 397 2387 diligentins
413 2317 561 2387 expensa
573 2295 743 2384 aliquanto
757 2295 828 2362 veri
842 2294 977 2364 similius
994 2294 1137 2385 videtur,
1155 2307 1247 2367 recte

153 2421 189 2467 se
212 2397 340 2466 habere
362 2398 486 2465 litteras
507 2397 603 2488 istas,
623 2404 785 2486 notasque
809 2420 882 2490 esse
904 2396 1035 2467 numeri
1053 2398 1248 2469 XXXVlll:
1276 2430 1278 2435 ·

153 2524 222 2591 quo
245 2500 341 2570 simul
361 2499 521 2568 indicium
543 2501 747 2591 continetur,
779 2521 848 2590 qua
865 2501 995 2570 ratione
1019 2501 1247 2572 emendandus

152 2605 194 2672 sit
209 2603 267 2694 qui
281 2602 457 2697 praecedit
472 2625 605 2672 versus:
629 2618 732 2693 quem
750 2603 893 2694 scriptor
913 2604 1163 2697 epigrammatis
1179 2590 1265 2675 non*

153 2698 352 2776 adseveras
375 2705 513 2797 quidem
534 2706 656 2774 veteris
676 2705 857 2797 prosodiae
876 2706 987 2798 leges,
1020 2705 1082 2774 sed
1110 2707 1154 2775 ad
1179 2730 1248 2778 non

154 2807 435 2880 contemnendum
446 2818 560 2878 tamen
574 2807 623 2877 sui
635 2808 710 2878 aevi
726 2830 823 2877 nsum
841 2808 888 2878 sic
904 2807 1067 2902 scriptum
1078 2810 1198 2879 voluit:

204 2974 300 3054 duaci
321 2978 380 3054 ἐπὶ
405 2973 604 3078 τριάκοντα
631 2972 782 3076 χρόνους
805 2975 934 3072 βίοτον
960 2972 1170 3078 τελεθοῦσῃ.

15 3158 25 3167 ’·
153 3147 194 3217 V.
221 3144 256 3216 5.
295 3149 494 3219 Welckems
524 3129 650 3219 norum
681 3148 805 3216 creavit
835 3117 1039 3217 vocabulum
1071 3144 1247 3245 ὅμαρτυς,

153 3273 270 3336 sensu,
301 3260 339 3319 ut
359 3253 422 3339 ait,
455 3253 627 3344 exigente,
662 3250 756 3340 quod
777 3249 970 3320 formatum·
984 3251 1025 3319 sit
1047 3259 1084 3318 nt
1106 3251 1248 3346 ἔπηλυς,

153 3353 292 3448 us'qioc,
325 3352 558 3450 πολύδακρυς.
619 3355 665 3422 At
687 3353 731 3422 de
760 3375 858 3421 sensu
882 3352 976 3443 quod
999 3352 1097 3440 dicit,
1129 3353 1248 3445 petitio

153 3455 308 3548 principii
319 3464 387 3526 est:
412 3456 511 3550 fingit
526 3456 631 3540 enim,
658 3463 693 3524 et
706 3454 844 3547 quidem
861 3456 932 3524 sine
947 3478 1078 3539 caussa,
1104 3477 1247 3543 sensuro,

153 3558 212 3650 qui
232 3558 396 3627 eiusmodi
414 3581 534 3628 vocem
557 3558 715 3651 requirat.
777 3558 909 3628 Deinde
935 3580 1017 3627 uero
1037 3560 1138 3628 etiam
1157 3558 1249 3626 omni

153 3661 330 3753 analogiae
351 3662 516 3730 contraria
531 3669 582 3730 est
599 3683 690 3730 nova
703 3661 760 3730 illa
773 3682 858 3749 vox,
881 3661 1083 3751 minimeque
1101 3660 1248 3729 omnium

154 3765 344 3856 comparari
361 3773 475 3856 potest
497 3787 574 3833 curn
594 3765 658 3834 illis
681 3787 767 3856 quae
782 3766 890 3834 attulit
907 3765 1096 3851 vocabulis,
1118 3763 1152 3831 in
1171 3763 1249 3853 qui-

152 3867 217 3934 bus
231 3893 254 3938 v
268 3866 313 3934 ad
327 3866 435 3958 ipsam
445 3867 595 3936 radicem
604 3869 758 3962 pertinet.
786 3867 940 3937 Graecae
954 3868 1047 3937 vocis
1059 3866 1087 3934 si
1101 3866 1249 3959 speciem

152 3989 237 4060 prae
259 3993 296 4038 se
314 3970 419 4039 ferret
440 3993 507 4039 vox
529 3971 614 4060 ista,
636 3970 783 4040 ultimam
808 3971 973 4062 syllabam
999 3995 1030 4050 ις
1049 3991 1129 4038 esse·
1142 3990 1250 4062 opor-

153 4079 256 4159 teret,
288 4071 380 4140 utin
401 4066 675 4170 Βριτόμαρτις,
708 4074 802 4164 quod
826 4074 961 4150 fuerunt
983 4071 1041 4162 qni
1060 4071 1105 4140 ab
1130 4067 1248 4166 ἆμαρ·
1377 4150 1381 4159 ,

154 4180 230 4246 τεῒν
263 4173 448 4244 derivatum
479 4175 611 4244 vellent.
671 4175 742 4246 Sed
765 4175 869 4245 redeo
895 4174 939 4244 ad
965 4196 1113 4260 sensum,
1147 4196 1249 4264 quem

59 4350 61 4355 ,
153 4276 205 4344 his
228 4273 510 4348 versibus'tribuit
530 4278 738 4351 Welokerus.
798 4277 922 4349 Scribit
943 4279 1005 4348 ita:
1039 4273 1099 4366 „si
1126 4276 1249 4348 Cestio
1307 4321 1312 4335 κ
