2918 4890
299 315 452 380 SEPTEM
477 313 630 377 APERTA
657 315 809 378 ornata
828 317 887 378 ΔΡ.
905 317 1149 386 aascflrtvn.
1214 327 1279 393 889
1304 364 1307 368 -

694 553 752 623 Vl.

210 776 211 780 ,
273 707 374 776 Levis
391 715 452 794 est,
477 706 538 774 sed
552 726 594 773 eo
609 705 656 773 ad
671 705 852 776 eluendum
867 709 997 779 facilior
1011 711 1161 794 macula,
1187 736 1276 804 qnae

170 813 205 879 in
224 810 277 879 his
305 820 356 880 est
375 809 602 878 Eumenidum
623 809 790 896 versibus,
817 809 905 887 461.
926 837 1023 905 seqq.
1050 813 1109 882 nbi
1136 813 1275 887 Orestes

170 915 218 982 sic
240 913 284 983 de
301 913 407 983 caede
425 913 529 1006 patris
548 913 711 1002 loquitur:

430 1062 537 1148 οὗτος
559 1061 690 1190 dodra
705 1093 749 1138 συ
741 1061 900 1155 καλῶς,
915 1061 1049 1160 ,μολῶν

325 1174 359 1252 a'c
385 1167 504 1258 οἶκον,
530 1161 623 1242 ditet
648 1196 705 1241 νιν
731 1163 1015 1297 κυλαινύρρων’
997 1197 1066 1269 τμη

322 1262 444 1395 μήτηρ
474 1274 629 1345 κατέκτα
655 1268 881 1354 ποικίλοις
856 1267 1082 1396 αγρεύμασιν

322 1369 516 1472 κρύψασα,
542 1373 706 1471 λουτρῶν
731 1369 965 1483 ἐξεμαρτύρει
988 1368 1115 1471 φόνον.

170 1527 369 1598 Orationem
385 1551 458 1596 non
475 1526 713 1596 cohaerentem
729 1535 766 1595 nt
786 1527 940 1611 sarciret,
967 1521 1132 1624 λουτρῶν
1159 1530 1275 1598 conie-

169 1633 215 1700 cit
240 1633 286 1705 H.
310 1631 519 1724 Stephanus,
547 1630 654 1699 fassus
682 1637 796 1698 tamen
815 1631 978 1726 λουτρῶν
1003 1631 1104 1698 σῶσαι
1128 1632 1275 1700 scholia-

169 1744 253 1802 stam
280 1735 412 1826 legisse.
473 1734 593 1826 Aptius
616 1733 771 1825 Scaliger
792 1733 957 1827 λουτρῶν
981 1730 1018 1806 d’
1038 1729 1276 1831 ἐξεμαρτύρει

169 1839 371 1930 corrigebat.
422 1836 464 1905 ld
485 1837 622 1926 qnidam
651 1835 799 1927 amplexi
823 1845 914 1904 sunt:
955 1837 1012 1904 alii
1034 1836 1079 1904 ad
1107 1837 1275 1929 Stephani

167 1953 281 2034 partes
309 1941 497 2027 redierunt,
526 1963 595 2008 non
618 1940 804 2031 cogitantes
826 1934 869 2006 ne
893 1939 940 2007 sic
963 1939 1101 2029 quidem
1123 1942 1276 2032 copulari

168 2046 334 2136 abrupta,
369 2066 482 2133 neqne
510 2042 811 2137 animadvertentes
840 2051 875 2109 et
895 2042 1046 2134 ineptam
1077 2066 1275 2133 essequam

166 2148 329 2216 inferrent
348 2147 561 2232 sententiam,
588 2154 623 2214 et
638 2167 832 2236 repugnare
844 2145 918 2230 illis,
938 2168 1025 2234 qnae
1036 2142 1134 2214 'dicta
1153 2149 1275 2216 suntin

169 2250 385 2342 Ghoephoris
405 2273 436 2317 v.
455 2248 543 2322 98⁰.
566 2272 662 2338 seqq.
685 2248 744 2315 uhi
768 2248 920 2316 velamen
939 2249 1040 2336 illnd,
1066 2270 1136 2338 quo
1159 2251 1275 2341 impli-

168 2362 282 2421 catnm
311 2353 483 2420 occiderat
505 2338 798 2446 Agamemnonem
822 2349 1108 2442 Clytaemnestra,
1144 2354 1275 2446 populo

167 2456 364 2528 ostenditur.
404 2456 502 2525 Haec
516 2465 586 2524 tam
600 2463 676 2524 sunt
687 2455 808 2546 plana,
834 2463 971 2546 tamque
983 2456 1074 2524 clara
1088 2456 1166 2526 lnce
1179 2458 1274 2546 qnasi

166 2559 291 2653 ienunt
321 2559 456 2646 oculos,
490 2568 528 2628 ut
555 2559 611 2628 vix
639 2557 800 2627 credibile
830 2557 890 2647 sit,
931 2582 1000 2653 non
1027 2559 1187 2629 exstitisse
1216 2561 1275 2651 qni

167 2664 344 2733 scriberet.

405 2766 521 2887 α’λλύ
543 2840 600 2886 νιν
627 2806 921 2910 κιλαινόφρων’
904 2839 972 2907 aar]

320 2911 439 3041 μήτηρ
465 2917 622 2990 κατέκτα
648 2915 825 2997 ποικίλοις
851 2911 1097 3039 ἀγρεύμασιν

321 3014 501 3116 κρύψασ’
529 3021 552 3091 ἁ
547 3018 744 3123 λουτρῶν
769 3011 1005 3116 οξεμαρτύριι
1032 3010 1158 3113 φόνον.

167 3173 239 3240 Sed
264 3175 374 3242 nullus
396 3172 565 3242 editorum
591 3170 683 3239 vidit.

673 3525 748 3600 vll.

268 3680 308 3748 ln
328 3675 549 3772 Supplicibns
576 3702 609 3753 v.
625 3675 711 3749 354
733 3677 857 3748 chonrs
876 3700 995 3770 regem
1015 3678 1198 3773 Pelasgnm
1218 3679 1270 3748 his

165 3783 276 3852 verbis
294 3793 367 3851 orat
383 3795 420 3852 nt
436 3784 499 3852 sibi
514 3783 703 3899 subveniat.

320 3939 383 4009 ἴδε
399 3964 447 4029 μυ
472 3928 543 4008 τῶν
570 3937 686 4011 ἱκέτιν
709 3928 853 4030 φυμύδα
878 3928 1104 4027 περιδρομον

319 4033 631 4125 λευκύστικτον
603 4066 648 4120 ως
674 4031 878 4132 δαμαλιν
853 4061 905 4128 αμ
932 4035 1081 4129 πέτραις

319 4135 532 4264 η’λιβατοις,
560 4147 595 4212 ἵν
602 4137 724 4236 ύλκᾷ
748 4139 896 4216 πίσυνος
919 4138 1038 4232 μέμυ·
1163 4220 1166 4226 ,

317 4270 359 4318 κε
386 4236 576 4341 φράζουσα
602 4214 736 4342 βοτῆρι
758 4235 933 4351 μόχθους·
1020 4285 1022 4289 ·

997 4372 1063 4440 Y*
