2918 4890
512 275 594 341 LIB.
620 276 673 340 111.
719 277 816 343 cAP.
834 283 866 345 8.
895 230 899 238 ⁴

101 416 102 419 Ἴ
160 494 191 564 (ι.
204 427 276 542 «λθ.

210 622 306 694 ἔνθα
330 644 371 690 ιιι
396 621 478 715 ῥεῖα
504 594 618 714 φέροι
637 614 751 692 niveo?
775 618 906 712 τεύχεα
934 627 1155 697 Πανθοΐδαο
1319 695 1322 703 .

209 719 399 826 Ἀτρείδης
409 776 422 810 ,
450 723 486 794 εἰ
507 720 570 815 μή
587 727 624 794 οἱ
647 717 834 817 ἀγάσσατο
863 728 998 820 Φοῖβος
1023 721 1222 802 Ἀπόλλων.

160 873 246 945 398.

372 1023 519 1103 οὐδέν
540 1025 655 1152 'Apte
682 1027 877 1122 λαοσσόος,
905 967 1053 1107 odde'u'
1078 999 1221 1156 Addat]
1271 998 1320 1078 Z'

211 1125 335 1226 ’τόνγε
354 1127 511 1227 ιἰλοιλσΗ
490 1126 671 1220 ονόσαιτᾎ
699 1129 780 1208 ανδ
798 1129 946 1229 εἰμσῖλα
962 1163 1029 1239 μιν
1046 1129 1255 1227 χόλοςῖιιοι.
1344 1135 1348 1146 ’

160 1251 357 1354 Herodotus
382 1285 458 1359 vll.
484 1283 572 1358 180.
585 1313 659 1357 ιιαι
677 1287 809 1361 ἔπειτα
834 1288 908 1360 τοῖν
934 1290 1135 1412 ἐπιβατέων
1140 1278 1273 1410 ncrricpc
1394 1334 1398 1338 =

160 1417 227 1463 τον
248 1381 577 1461 καλλιστεύοντα
553 1383 751 1481 αναγόντις
774 1389 832 1464 ἐπὶ
843 1384 919 1511 τήν
940 1385 1088 1487 πρῴρην
1107 1417 1171 1484 της
1191 1418 1273 1513 onoc

23 1488 28 1497 ¹
161 1493 321 1585 ἔσφαξαν
330 1545 345 1580 ,
373 1493 554 1574 διαδέξιον
574 1485 787 1582 ποιεύμενοι
806 1487 873 1566 τόν
888 1492 985 1567 εἶλον
1005 1495 1079 1583 coir
1091 1487 1272 1588 Ελλήνων
1342 1508 1346 1515 “

160 1595 309 1721 πρῶτον
327 1620 386 1664 ναι
378 1588 606 1668 ααλλιστσν.
630 1622 681 1690 τῳ
668 1595 736 1668 δὲ
752 1598 1021 1690 σφαγιασθέντι
1040 1589 1160 1724 ταύταν
1183 1593 1272 1668 ὄνο-

160 1725 214 1790 μα
230 1693 275 1792 ’ἦν
291 1697 415 1770 Λέων·
439 1690 623 1788 τᾶχαδ’”
597 1724 642 1770 αν
657 1725 695 1769 τι
712 1698 771 1770 ιιαὶ
787 1700 856 1771 τοῦ
870 1726 1052 1790 ονοματος
1062 1705 1271 1793 ειιαυροιτο
1317 1730 1319 1734 ’

160 1800 235 1869 vll.
258 1797 343 1868 214
372 1799 481 1894 εἰδείη
495 1799 563 1892 μέν
578 1824 648 1896 γαρ
668 1829 714 1873 αν
730 1799 789 1876 καλ
808 1803 876 1875 ιων
889 1828 940 1895 μη
933 1795 1122 1922 Μηλιεας
1135 1794 1272 1921 ταύτην

161 1928 230 1997 την
251 1895 424 2023 deponor
438 1896 606 1999 Ὀνήτης,
634 1906 669 1974 εἰ
679 1903 733 2005 τῇ
756 1897 852 2026 χώρη
875 1897 992 1976 πολλα
1014 1897 1239 2009 ωμιληναις
1208 1929 1272 2002 ειη

160 2007 220 2076 ΙΧ.
242 2004 302 2074 tl.
330 1998 424 2078 α’λλα
443 2005 649 2096 ταῦταμὲν
672 2006 732 2078 ναι
757 1977 952 2102 oddopor
973 2007 1120 2079 εἴποιεν.
1173 2006 1273 2075 Ηιεσ

156 2110 273 2179 omnia
289 2109 390 2178 etiam
406 2108 451 2177 de
473 2131 512 2177 re
528 2117 707 2199 praesente
726 2109 782 2176 vel
798 2109 912 2176 futura
930 2108 996 2176 dici
1013 2109 1218 2209 potuissent,
1245 2109 1273 2178 si

161 2236 215 2281 res
231 2213 429 2304 postularet.
482 2210 665 2280 Caeterum
678 2211 926 2300 animadverte,
951 2234 1016 2342 pro
1041 2204 1117 2280 solis
1131 2212 1196 2279 iliis
1213 2238 1275 2283 ιιαι
1313 2240 1329 2278 ,s

162 2309 206 2389 ου’
220 2343 280 2388 νιν
305 2311 387 2389 ἔνθ
409 2306 587 2387 απέλοιτο
608 2325 642 2386 et
658 2316 751 2389 ἔνθα
773 2343 811 2387 νε
827 2320 907 2414 ῥεῖα
923 2320 1030 2412 φέροι
1051 2317 1150 2384 etiam
1169 2308 1275 2386 onai

161 2416 286 2492 isco*
261 2446 322 2508 αν,
349 2419 478 2514 ἔφερεν
496 2415 542 2491 ἄν
556 2417 624 2486 dici
635 2419 798 2512 potuisse,
825 2419 905 2510 quia
920 2441 1050 2510 opponr
1039 2419 1176 2512 potest
1192 2411 1273 2490 αλλ

163 2549 228 2594 σοι
251 2514 442 2611 απωλετσ,
478 2517 558 2592 αλλ
583 2519 646 2594 οὐκ
674 2523 792 2617 ἔφερε.
845 2522 920 2591 Sed
943 2522 1121 2592 dietum'
1095 2545 1166 2591 srne
1188 2517 1275 2589 illius
1343 2605 1346 2612 Ι

162 2625 382 2717 oppositionis
401 2625 617 2717 cogitatione,
643 2626 831 2717 optativum
848 2627 1054 2718 postulabat,
1080 2635 1118 2694 ut
1130 2633 1292 2710 caetero,¹
1325 2642 1328 2649 ’

162 2729 196 2797 iu
209 2722 413 2820 quibus'non
427 2730 683 2820 potestopponi
697 2730 909 2797 contrarium.
1033 2795 1035 2799 ,
1128 2776 1131 2780 ‚

268 2819 397 2900 Contra
418 2831 463 2900 de
494 2854 532 2899 re
554 2833 737 2924 praeterita
759 2855 846 2922 quae
869 2832 932 2912 vel,
948 2830 1133 2927 diuturnior
1154 2831 1194 2898 sit
1220 2829 1277 2899 vel
1311 2853 1313 2858 ·

164 2935 297 3027 saepius
315 2928 472 3027 repetita,
492 2936 677 3026 praesentis
694 2937 894 3028 optativum¹
904 2931 1019 3027 posuit
1031 2933 1227 3009 Herodotus
1247 2933 1274 3000 Ι.

164 3037 199 3113 2.
218 3039 277 3118 ubi
298 3061 403 3128 quum
420 3040 540 3108 Persas
559 3063 695 3128 narrare
715 3038 866 3127 dixisset,
892 3039 1068 3130 Europam
1091 3060 1112 3104 a
1134 3037 1276 3106 Graecis
1396 3108 1397 3112 ,

164 3142 377 3233 quibusdam,
404 3165 549 3232 quorum
562 3144 627 3234 ipsi
641 3142 758 3211 sedem
772 3143 932 3227 nesciant,
947 3149 1086 3234 ,raptam
1101 3164 1185 3228 esse,
1212 3139 1277 3212 ad·

164 3245 229 3315 dit.
256 3242 475 3343 εἴησανδ”“
449 3273 496 3324 αν
517 3243 623 3318 οὗτοι
642 3245 797 3342 Κρῆτες.
813 3245 962 3339 fierint
980 3245 1044 3314 isti
1074 3245 1293 3316 Cretenses,
1408 3278 1414 3298 ·

165 3347 237 3418 Sed
252 3349 373 3416 eadem
388 3348 535 3421 formula
555 3350 658 3416 utitur
671 3347 716 3418 de
734 3372 773 3417 re
793 3357 972 3478 praesente
989 3348 1031 3416 11.
1053 3346 1088 3415 6.
1109 3346 1169 3416 lV
1187 3343 1276 3414 195.

164 3451 262 3520 Idem
281 3447 602 3550 νιι184.ἤεη
573 3479 622 3523 αν
641 3435 808 3547 ἅνδρες
783 3479 829 3524 αν
843 3448 924 3526 εἷεν
943 3455 982 3524 ἐν
997 3447 1143 3524 αὐτοῖσι
1157 3449 1277 3522 τέσσε-
1284 3475 1314 3551 ᾗ

166 3580 224 3650 pac
248 3547 421 3649 μυριάδες
453 3553 513 3626 ιιαι
536 3556 668 3626 ε’ἴιιοσι
728 3555 827 3640 Quae
856 3555 1023 3646 scriptura
1050 3562 1143 3620 recte
1176 3560 1228 3619 est
1258 3574 1280 3619 a

165 3656 494 3748 Schweighaeusero
510 3657 664 3748 praelata
684 3657 749 3746 iili,
776 3681 880 3755 quarn
902 3658 1037 3726 Reizius
1055 3664 1089 3724 et
1110 3654 1277 3724 Schaefe·
1289 3693 1292 3698 ·

165 3783 224 3829 rus
237 3783 281 3828 ex
292 3760 409 3851 paucis
428 3759 530 3830 codd
544 3769 757 3888 receperunt,
781 3757 895 3858 ἤδη
866 3789 915 3835 ων
930 3787 975 3833 αν
989 3755 1042 3856 ἤν.
1094 3749 1174 3827 Νοιι
1190 3758 1279 3827 enirn

72 3872 76 3877 ’
134 3866 145 3884 ”
165 3871 280 3956 potest
293 3885 422 3956 oppom
411 3859 514 3936 αλλ
529 3859 594 3937 οὖν
609 3890 664 3960 ην.
714 3865 807 3950 Qum
819 3872 933 3960 potest
947 3864 1048 3931 etiam
1066 3870 1104 3929 ut
1116 3862 1161 3930 de
1174 3885 1278 3956 prae

167 3958 262 4035 sente
279 3965 374 4034 dicta
399 3967 509 4060 accipi
537 3967 625 4036 haec
646 3971 823 4039 sententia
870 3967 1013 4036 Ideml.
1036 3964 1096 4033 λθ.
1120 3959 1216 4055 τοὲχα
1240 3964 1280 4038 δέ

62 4155 64 4161 ¹
168 4067 214 4142 οἲν
241 4068 301 4148 καὶ
326 4075 362 4141 οἱ
384 4063 620 4163 αποδόμενοι
629 4067 814 4165 λέγοιεν
789 4066 1006 4163 σαινόμενοι
1027 4095 1061 4149 ες
1086 4061 1278 4164 Σπάρτην,

111 4231 112 4234 ,
168 4168 553 4270 ωςοέναιρεθιέησαν
530 4200 601 4245 vno
594 4166 783 4266 Σαμίων.
835 4170 1278 4267 Intelligiturenimidsae-
1383 4242 1384 4246 ς

168 4276 243 4368 pius
266 4276 312 4344 ab
336 4275 437 4344 illis
422 4299 495 4345 esse
521 4275 720 4420 dictitaturu.
769 4278 816 4346 Et
840 4277 932 4348 vlll.
955 4276 1047 4399 166
1068 4266 1258 4364 ,dmm
1233 4300 1279 4347 w
1296 4280 1317 4315 4
1431 4271 1433 4274 ,
