2918 4890
570 269 879 334 COLVTHI
1008 281 1010 287 '
1207 274 1272 338 21⁷

169 513 171 517 >
220 463 265 546 ιός
286 459 417 587 θρόν”’
396 491 496 559 εμχος
512 464 644 556 ἔχουσα
659 459 863 588 μελίφρονα
880 455 1055 591 θεσμόν
1037 460 1194 591 εροίτοιν,

220 562 348 641 κεστόν
368 569 455 658 ἔχω,
486 567 546 641 καί
562 568 712 688 κέντρον
730 564 820 659 οἴμοι,
848 594 905 638 και
899 559 1025 648 τόξον
1042 564 1165 664 οἱεί,ρω

219 665 361 761 κεστόν,
390 667 480 744 ὅθεν
498 662 723 767 φιλότητος’
705 667 890 764 εμῆςέμόν
908 664 1056 765 οἶστρον
1070 671 1216 772 ἑλοῦσαι

219 767 388 854 πολλάκις
405 769 573 846 ὠδίνουσι
587 770 647 844 καί
660 798 703 844 ου
696 765 920 867 θνήσκουσι
938 776 1107 863 γυναῖκες

167 943 294 1012 Posui
285 967 319 1010 ιιι
337 944 390 1012 his
407 937 549 1036 θεσμόν
571 934 787 1035 prodeundo
808 965 827 1009 e
845 942 1016 1010 verissima
1038 943 1270 1013 emendatione
1326 993 1328 998 -

167 1048 350 1138 Lennepii‚
376 1071 479 1138 quam
495 1047 608 1116 Nonni
626 1068 704 1114 usus
719 1046 903 1112 confirmat.
954 1045 1051 1112 Idem
1067 1047 1270 1140 Lennepius‚
1331 1125 1334 1129 ,

167 1151 333 1241 particula
348 1151 416 1241 μὲν
438 1158 548 1219 motus
554 1201 565 1251 2
592 1159 672 1240 post
689 1148 872 1216 secuudum
887 1147 1011 1216 horum
1030 1171 1186 1216 versuum
1208 1151 1269 1217 aii-

167 1253 249 1342 quid
273 1254 433 1322 excidisse
456 1254 598 1345 putabat
659 1253 733 1321 Nec
761 1252 879 1339 mirer,
917 1251 945 1318 si
973 1251 1026 1318 cui
1054 1253 1320 1344 persuadeam
1399 1297 1402 1303 -

166 1357 364 1448 praesertim
379 1358 538 1425 Nonnum
550 1355 694 1428 XXXV.
713 1352 800 1429 168.
823 1353 1050 1446 comparanti.

831 1519 1035 1644 ἀπτόλεμος
1051 1551 1121 1653 ραρ

217 1623 404 1724 Κόπρις’
379 1603 563 1728 αριστεόει
580 1631 688 1704 πλεον
698 1625 851 1724 ΙἈρεος,
879 1624 963 1700 οὐδὲ
983 1628 1120 1752 χατίζει

218 1729 367 1814 σίσπίδος
376 1788 390 1821 ,
418 1762 461 1807 σι
454 1729 602 1828 μελίης
617 1757 707 1805 ποτε
699 1725 888 1853 δεύεται
915 1725 1129 1827 α’μφότερον
1145 1726 1227 1857 μα’ρ,

218 1836 318 1928 ἔγχος
333 1830 422 1928 ε’μόν
438 1838 521 1910 πέλε
535 1831 724 1919 κόλλος,’
706 1828 796 1927 εμόν
811 1833 911 1957 ξίφος
927 1835 1054 1906 ἔπλετο
1068 1828 1215 1933 μορφή,

216 1965 274 2010 και
269 1932 522 2067 βλεφσίρων’
498 1945 637 2018 ακτῖνες
657 1935 738 2030 ε’μσί
751 1930 924 2029 μεμάασιν
940 1932 1075 2009 ὀϊστοί

216 2034 327 2136 μοίζος
342 2037 520 2129 σίκοντίζει
535 2041 679 2114 nidor*
658 2065 785 2134 ενχεος

165 2213 238 2283 Sed
250 2213 385 2334 gravim
406 2212 541 2301 vitium,
567 2219 605 2278 ut
624 2210 761 2301 quidem
776 2232 891 2280 versus
913 2209 1051 2280 coluthi
1067 2212 1268 2304 interpuncti

165 2325 258 2399 suut,
289 2317 325 2383 in
346 2315 445 2384 tertio
467 2335 567 2384 versu
591 2323 660 2401 est,
685 2315 719 2382 in
740 2335 809 2405 quo
831 2314 859 2382 si
882 2302 966 2387 σίντί
988 2313 1119 2412 αἰχμῆς
1138 2309 1268 2388 κεστόν

165 2421 233 2510 ἔχοι
257 2417 494 2510 coniungenda
515 2426 608 2506 sunt,
644 2418 717 2508 quis
744 2440 814 2486 uon
834 2416 956 2486 videt
946 2427 1059 2509 mepte
1087 2416 1268 2490 adiiciunt*

164 2523 315 2618 κέντρον
339 2519 413 2615 dyo
438 2519 496 2594 καί
520 2514 626 2604 τόξον
652 2518 786 2615 asion?
818 2521 868 2589 sin
893 2520 1017 2589 excidit
1042 2520 1169 2610 aliquid
1192 2529 1267 2589 ante

164 2618 292 2698 κεστόν
306 2626 387 2715 ἔχω,
412 2625 487 2713 quis
502 2645 570 2692 non
583 2624 695 2715 potius
709 2624 767 2692 teli
781 2646 901 2716 genus,
927 2632 965 2691 ut
982 2624 1016 2691 in
1029 2625 1159 2713 reliqua
1170 2633 1267 2716 parte

164 2752 290 2816 versus,
317 2727 651 2796 commemorandum
665 2726 766 2795 fuisse
780 2726 971 2818 intelligat?
996 2726 1043 2793 Et
1057 2736 1181 2812 tamen,
1207 2727 1268 2795 uisi

164 2832 282 2920 fallor,
307 2831 420 2902 omnia
436 2833 565 2901 sincera
580 2838 674 2917 suut,
700 2829 804 2899 modo
818 2839 911 2898 recte
927 2829 1220 2922 interpungautur:

829 2976 913 3055 σίντί
925 3009 994 3075 μεν
1010 2981 1156 3078 αἰχμῆς,

217 3084 263 3168 οἱς
279 3080 413 3208 θρόν*
391 3115 492 3181 εμχος
506 3088 638 3177 ἔχουσα
653 3084 866 3215 μελίφρονα
875 3078 1050 3177 θεσμόν’
1021 3079 1195 3214 εριότσιν,

217 3181 346 3261 κεστόν
361 3187 444 3278 ἔχω·
470 3190 531 3263 καί
547 3191 698 3286 κε’ντρον
714 3187 788 3284 οἶμαι
807 3186 867 3261 καί
884 3180 991 3272 τόξον
1006 3183 1114 3286 σῖείρσι

217 3283 358 3363 κεστόν

165 3445 235 3512 Ριο
266 3441 423 3534 cuspide,
459 3445 582 3534 inquit,
622 3402 814 3539 cingulum,
848 3444 967 3514 hastae
997 3445 1101 3513 instar
1128 3445 1268 3514 foedera

166 3547 289 3615 amoris
303 3546 450 3631 habeus,
477 3556 600 3618 teneo:
627 3559 661 3618 et
682 3549 848 3642 spiculum
869 3549 961 3641 agito
979 3571 1163 3638 arcumque
1184 3551 1267 3617 tollo

167 3651 349 3743 cingulum.
402 3650 459 3720 Sic
478 3659 574 3744 patet
592 3676 661 3722 non
682 3675 769 3746 opus
792 3660 918 3722 esseut
938 3651 1007 3744 μὲν
1022 3652 1147 3720 habeat
1160 3654 1267 3744 parti-

126 3762 130 3771 “
167 3755 276 3821 culam
305 3753 579 3846 respondentem.
630 3759 709 3827 Non
736 3757 847 3848 potuit
876 3755 966 3824 enim
990 3753 1105 3822 inferri
1129 3757 1186 3844 δι’,
1219 3757 1267 3824 sic

168 3857 376 3925 conformata
393 3859 564 3929 oratione·
598 3859 660 3929 sed
679 3859 822 3929 deberet
845 3859 982 3944 inferri,
1010 3857 1037 3925 si
1062 3859 1268 3950 procederet

59 3994 60 3997 ¹
167 3961 367 4052 compositio
388 3958 569 4031 verborum
590 3965 657 4050 ita,
682 3971 721 4031 ut
738 3963 886 4032 instituta
901 3970 989 4031 erat:
1004 3957 1098 4034 σίντί
1117 3966 1185 4052 μὲν
1208 3965 1266 4035 αἰ·

166 4089 257 4183 χμρς
273 4054 401 4136 κεστόν
416 4090 504 4152 axo,
531 4061 614 4139 σίντι
607 4065 667 4140 di
683 4067 853 4194 κείτρσφ,
880 4063 938 4136 καί
952 4059 1036 4135 ἀντὶ
1056 4058 1192 4139 τοότοσ
1209 4092 1266 4137 κε-

167 4158 256 4237 στόν
279 4166 366 4255 ἔχοι
401 4161 484 4238 σίντί
512 4167 551 4240 δὲ
573 4161 702 4252 τόξου,
729 4165 871 4262 ομοίως.
923 4167 1107 4256 Reliquum
1129 4178 1194 4256 est,
1221 4168 1265 4236 de

73 4376 76 4380 .
166 4291 236 4357 quo
264 4267 411 4354 dicatur,
437 4268 537 4358 illud,
570 4265 807 4369 φιλότητοςΙ
789 4269 876 4366 εμῆς
900 4263 990 4364 εμόν
1023 4265 1191 4368 οἶστρον,
1230 4271 1264 4340 in
