2918 4890
275 298 675 387 1)111Ν81111ΙΡΤΙΟΝ1Β15Ι
697 297 922 373 eravsntn
945 300 1118 361 GRAEClS.
1181 303 1246 365 alr

144 491 294 582 scriptis,
322 496 462 562 constet.
520 489 599 556 Non
620 511 704 580 ergo
726 510 785 574 eo,
821 488 914 577 qnod
937 491 971 556 in
998 489 1115 558 dextro
1139 491 1244 559 latere

142 597 216 687 ipsa
235 594 354 661 mulier
374 593 537 681 loquitur,
564 601 599 659 et
623 592 717 681 quod
734 592 768 658 in
790 591 882 658 initio
906 593 1039 660 alterius
1060 595 1171 661 lateris
1196 621 1245 685 pa

142 699 303 789 scriptum
341 697 514 783 videmus,
552 695 713 763 iudicium
749 704 897 762 nostrum
937 697 1093 787 impediri
1128 699 1244 790 patic-

141 825 215 868 mur
224 798 248 888 ,'
287 799 348 868 sed
389 799 609 892 cogitabimus
643 799 716 865 fieri
750 820 851 888 posse
884 807 922 866 ut
954 799 987 865 in
1022 799 1153 867 sinistro
1187 801 1243 867 la-

141 914 235 990 tere,
282 904 428 991 ideoque
467 903 502 969 in
542 902 607 970 alio
649 902 916 992 epigrammate,
959 903 1058 969 etiarn
1098 925 1244 992 persona

140 1008 296 1095 loquatur
328 1007 401 1074 alia.
467 1005 539 1076 lam
572 1026 654 1072 vero
686 1003 768 1093 quid
790 1005 933 1095 ,planius
964 1009 1033 1094 est,
1073 1027 1175 1094 quam
1206 1015 1243 1073 ut

140 1111 244 1176 verba
262 1109 369 1181 „unius
402 1109 531 1176 litterae
565 1108 673 1200 spatio
704 1117 875 1198 separata,
915 1130 1001 1196 quae
1033 1109 1175 1176 fortasse
1199 1131 1243 1175 ne

10 1244 16 1248 ·
139 1221 214 1279 sunt
230 1211 366 1301 quidem
381 1212 415 1278 in
435 1212 550 1303 lapide
571 1220 742 1301 separata,
768 1211 853 1282 ME
884 1210 1182 1297 TAXEIPIOI,
1208 1212 1243 1278 in
1347 1221 1353 1239 '

140 1338 244 1382 unum
263 1315 523 1407 coniungamus,
549 1307 806 1407 prrcxaiproe?
830 1314 919 1380 Nam
932 1314 1148 1405 scripturam,
1176 1314 1243 1381 sic-

140 1417 189 1484 uti
209 1418 380 1498 Hesselius
403 1441 476 1485 eam
500 1416 655 1497 exhibet,
682 1415 904 1483 consideranti
927 1416 982 1482 vix
1006 1415 1145 1483 dubium
1169 1438 1242 1485 esse

141 1529 271 1612 potest,
293 1521 375 1610 quin
394 1521 468 1612 ipse
485 1519 651 1587 vocabula
665 1519 844 1586 intervallis
860 1517 1061 1607 quibusdam
1082 1518 1242 1587 distinxe-

87 1706 93 1719 Ι
137 1624 197 1691 rit:
232 1623 360 1714 quippe
390 1647 457 1690 non
484 1622 650 1706 distinxit,
685 1620 744 1686 ubi
773 1643 841 1687 non
871 1621 1071 1689 intellexisse
1097 1623 1239 1695 videtur.

139 1727 196 1794 Sic
219 1726 321 1816 igitur
345 1734 378 1793 et
403 1726 579 1794 Graecum
594 1724 758 1791 habemus
782 1733 816 1790 et
837 1725 885 1790 rei
907 1746 976 1790 non
995 1725 1083 1792 male
1103 1748 1241 1793 accom-

93 1830 96 1841 “
137 1826 312 1896 modatum
327 1829 538 1896 vocabulum.
591 1829 729 1895 Nonnus
744 1827 917 1915 usurpavit
931 1825 974 1893 de
993 1850 1035 1895 eo
1051 1827 1144 1915 quod
1165 1829 1239 1916 quis

137 1933 170 1998 in
203 1931 355 1998 manibus
390 1932 514 2020 habet,
553 1930 588 1997 in
622 1927 827 2020 Paraphrasi
866 1928 1000 1997 loannis
1037 1953 1110 2020 cap.
1144 1931 1237 2002 Xlll.

136 2058 171 2125 p.
188 2032 281 2113 171,
307 2031 366 2101 25.
855 2057 857 2060 ’
1075 2055 1082 2067 ’

240 2190 276 2260 εἰ
287 2180 341 2280 μή
356 2179 424 2278 ἐγώ
440 2181 532 2278 νίψω
553 2210 592 2256 σε
600 2237 614 2272 ,
641 2185 731 2273 χέων
743 2180 973 2295 μετᾳχείριον
987 2180 1091 2280 ὕδωρ.

136 2338 257 2407 Sermo
284 2347 335 2405 est
360 2337 404 2405 de
429 2336 580 2404 lavandis
605 2336 772 2428 pedibus,
804 2359 847 2403 ne
874 2336 947 2425 quis
972 2337 1130 2405 usitatum
1155 2338 1239 2432 illud

136 2435 231 2512 uero?
258 2432 376 2530 χειρός
400 2437 497 2534 ὕδωρ
524 2439 590 2507 dici
615 2448 720 2530 putet.
774 2438 865 2506 Tum
886 2439 978 2528 quod
995 2441 1068 2530 quis
1086 2441 1120 2507 in
1136 2451 1237 2532 pote-

136 2552 220 2612 state
241 2566 301 2611 sua
325 2541 447 2632 habet,
476 2548 549 2634 cap.
577 2542 699 2610 XVlll.
727 2564 763 2632 p.
781 2541 876 2628 221,
906 2540 964 2609 18.

239 2693 338 2790 ὄφρα
359 2687 413 2790 μή
427 2691 616 2791 Ἑβραίοις
635 2676 864 2789 μεταχείριοὲ
880 2694 1024 2774 ἔκδοτος
1041 2696 1125 2790 εἴην.

135 2850 214 2934 Quo
239 2849 316 2916 loco
347 2848 449 2917 editio
470 2847 655 2938 Lipsiensis
676 2871 705 2918 a.
731 2843 841 2916 1618.
866 2869 933 2935 qua
959 2846 993 2912 in
1015 2845 1154 2914 ¹citandis
1183 2846 1235 2915 his

134 2953 295 3044 exemplis
309 2974 390 3020 usus
409 2973 500 3038 sum,
526 2949 724 3042 typothetae
745 2961 859 3018 errore
877 2947 1106 3042 aaroxaiproe
1119 2949 1234 3021 habet.

133 3054 180 3120 Et
207 3055 263 3121 hic
293 3055 430 3143 quidem
459 3055 552 3121 locus
576 3054 717 3121 fortasse
740 3052 888 3119 indicare
911 3051 1081 3136 videatur,
1113 3079 1235 3143 μετα-

135 3156 266 3250 χείριος
284 3158 419 3224 omnino
432 3155 475 3223 de
488 3180 548 3246 eo,
571 3157 627 3244 qui
645 3159 679 3223 in
693 3157 800 3223 aliena
813 3163 980 3246 potestate
996 3163 1064 3239 est,
1092 3153 1135 3221 de
1151 3156 1227 3223 sub-

132 3259 239 3343 iecto,
281 3259 324 3326 de
341 3251 494 3327 ‘subdito
537 3258 618 3326 dici:
659 3258 719 3326 sed
749 3268 863 3325 tamen
900 3258 971 3324 veri
1008 3257 1142 3325 similius
1166 3268 1234 3344 est,

132 3358 384 3455 prroexrrpr'ovc
418 3378 635 3428 amanuenses
666 3383 758 3446 esse,
791 3383 934 3449 eamque
965 3361 1138 3450 propriam
1161 3384 1234 3428 esse

133 3485 249 3530 earnm
267 3464 526 3555 appellationem
547 3464 767 3549 famularum,
803 3486 890 3552 quae
909 3485 1045 3554 semper
1063 3463 1151 3530 circa
1170 3463 1234 3530 he·

131 3589 203 3634 ram
216 3576 390 3634 versantur
409 3567 506 3655 eiqu'e
526 3589 546 3633 a
568 3590 669 3634 manu
683 3576 767 3635 sunt.

242 3669 278 3740 V.
297 3668 332 3735 3.
356 3668 414 3760 (Β.
436 3667 497 3760 9.)
528 3673 635 3742 ΤΟΝ
649 3669 889 3744 ΑΝΑΩΡΕ.
942 3667 1146 3736 Pessimum
1167 3674 1231 3752 est,

133 3771 230 3861 quod
257 3773 361 3859 dedi,
393 3770 610 3841 vocabalum
633 3768 791 3866 α’ναωρί,
823 3792 895 3863 pro
919 3768 1029 3863 α’ωρί,
1067 3770 1120 3835 ad
1143 3791 1231 3837 nor-

71 3889 78 3900 *
130 3896 230 3942 mam
257 3898 386 3945 vocum
409 3874 563 3970 ἄνωρος,
597 3869 755 3969 drucio,
787 3874 1034 3965 praecedente
1060 3871 1231 3949 articulo,

130 3978 315 4046 audacter
338 4002 363 4046 a
389 3978 530 4047 nomiae
556 4001 621 4048 sao
644 3977 813 4046 seiuncta.
872 3977 1157 4062 ΧΕΙΟΥΣΑΙ,
1190 3984 1231 4042 at

131 4078 178 4146 11
197 4090 232 4149 et
250 4079 310 4154 15.
339 4083 428 4153 ME.

232 4184 348 4268 Quum
370 4183 568 4251 Welckerus
594 4182 651 4249 hic
674 4182 747 4272 ipse
776 4181 896 4246 iustum
922 4178 965 4246 de
997 4178 1229 4246 emendatione

128 4309 187 4354 sua
208 4286 367 4356 indicium
391 4286 505 4372 dicat,
522 4285 633 4353 mirari
657 4284 756 4369 licet,
783 4305 843 4353 cur
864 4305 938 4351 eam
962 4282 1099 4368 fecerit,
1126 4304 1229 4373 prae-
