2918 4890
531 254 616 315 LlB.
636 254 689 316 111.
734 251 831 320 CAP.
853 257 904 318 11.
1216 257 1279 320 173
1393 209 1428 308 »x

166 450 213 518 At
233 443 504 526 facile,coclicum
528 444 752 536 quorumdam
774 445 940 537 sciiptura
958 438 1077 541 πάσχῃ
1091 454 1276 516 monstrare

165 560 298 644 potest,
325 547 541 617 scribendum
556 572 630 617 csse
648 545 731 622 εὖτε
747 542 817 644 yolo
836 547 881 620 υἳν
895 542 1024 644 πάσχῃ.

269 655 388 721 Altera
410 653 612 720 constructio
625 653 809 744 particulae
827 649 873 722 civ
889 672 966 717 cum
985 651 1135 741 optativo
1151 652 1185 718 in
1199 675 1290 725 sen-.

167 757 271 826 tentia
287 744 499 825 conditionali
518 777 559 822 ea
576 765 643 840 est,
665 777 756 844 *qnae
775 754 976 846 particulam
993 777 1070 821 cum
1087 755 1164 844 ipso
1181 756 1279 848 iungi

168 861 316 952 optativo
330 859 490 950 postulat,
512 858 660 947 facitque
669 867 706 925 ut
720 859 775 924 vel
788 880 890 949 posse
904 857 985 946 quid
998 858 1082 942 lieri,
1108 859 1164 925 vel
1178 859 1279 949 quid-

164 964 251 1054 ‘quid
266 964 365 1030 etiam
378 963 449 1028 siue
466 962 631 1053 particula
651 960 1045 1050 conditionali-optativus
1062 983 1139 1027 cum
1153 959 1199 1034 ἄν
1212 985 1278 1030 no-

167 1075 217 1134 tat
242 1066 457 1158 significetur.
508 1066 598 1131 Nam
621 1062 736 1131 differt
756 1063 824 1130 hoc
843 1085 952 1154 genus
974 1062 1017 1130 ab
1041 1064 1117 1152 illo,
1145 1064 1279 1155 dequo

169 1192 271 1260 supra
285 1168 423 1255 dictum,
448 1167 565 1255 inquo
579 1167 746 1256 optativus
760 1188 826 1257 pro
839 1174 952 1261 rectae
966 1167 1122 1236 orationis
1137 1169 1279 1236 coniun-

35 1291 38 1295 ’
170 1273 258 1338 ctivo
274 1270 402 1360 positus
421 1277 482 1341 est.
535 1269 576 1335 In
597 1268 782 1354 hisenim‚
811 1268 854 1337 de
879 1268 999 1357 quibus
1015 1292 1104 1337 nunc
1125 1269 1278 1358 dicimus,

55 1399 57 1404 ·
169 1371 251 1439 nihil
273 1371 334 1438 nisi
351 1369 528 1461 'particula
557 1370 785 1438 conditionalis
807 1371 861 1438 vel
882 1371 989 1439 finalis
1016 1368 1061 1437 ad
1091 1373 1278 1462 optativum

169 1482 283 1541 rectae
308 1473 464 1540 orationis
492 1494 569 1539 cum
596 1470 642 1543 ἄν
667 1473 882 1540 coniunctum
908 1472 1049 1554 accedit.
1100 1473 1148 1540 Et
1167 1496 1280 1567 pocae

170 1576 309 1666 quidem
327 1576 535 1672 significatur
551 1573 604 1642 his
624 1575 660 1642 in
670 1575 771 1644 locis·
799 1575 1046 1707 Aristophanes
1059 1576 1149 1644 Nnb.
1167 1577 1278 1650 1184.

725 1781 727 1789 .
793 1729 829 1800 εἰ
839 1721 892 1824 μή
907 1724 1025 1824 πέργ
1039 1723 1118 1859 ἅμα

274 1823 370 1928 υἷυτη
384 1825 526 1924 γένοιτ
540 1858 585 1902 αν
594 1856 711 1928 γραυς
725 1857 767 1903 τε
779 1857 838 1902 ναι
853 1833 918 1904 νέα
932 1825 1032 1928 γυνή.

170 1982 406 2073 Xenophontis
431 1982 562 2076 Cyrop.
584 1984 643 2051 lll.
669 1978 731 2056 55.
758 1976 896 2064 τουςδ
919 1976 1160 2065 ἀπαιδεύτους
1181 2013 1278 2060 παν-

171 2114 331 2159 ταπασιν
352 2083 482 2182 ἁρετης
502 2080 734 2179 θαυμαζοιμ’
747 2083 811 2163 ἄν,
840 2087 931 2182 ἔφη,
959 2115 984 2158 ω
975 2081 1223 2212 Χρυσάντα,
1246 2092 1284 2163 εἴ

171 2217 208 2262 τι
224 2188 377 2262 πλέον
353 2217 398 2260 αν
400 2183 615 2313 ὠφελήσειε
634 2182 739 2281 λόγος
755 2187 904 2268 καλῶς
882 2188 1011 2287 ρηιλεὶς
1022 2216 1070 2270 εις
1088 2185 1279 2310 ανδραγα-
1363 2239 1365 2242 <

171 2291 314 2365 θίαν
289 2320 317 2387 η
341 2317 427 2370 τους
447 2286 690 2371 ἀπαιδεύτους
716 2291 906 2387 μουσικῆς
912 2287 1014 2386 ᾆσμα
1041 2284 1142 2383 μάλα
1167 2295 1281 2377 καλῶς

173 2391 288 2488 ᾀσθὲν
308 2397 356 2473 εἰς
370 2387 557 2490 μουσικήν.
608 2393 697 2462 Vide
716 2392 872 2462 Aeschin.
893 2393 937 2463 de
951 2395 1035 2463 falsa
1049 2395 1117 2487 leg
1136 2419 1172 2486 p.
1192 2392 1279 2471 265.

171 2498 290 2569 Reisk.
310 2492 363 2591 (§.
380 2494 441 2564 34.
456 2521 491 2588 p.
513 2496 600 2565 412.
614 2496 745 2587 Bekk.)
770 2496 946 2565 Demosth.
962 2521 997 2590 p.
1018 2495 1081 2582 44,
1103 2496 1163 2566 29.
1192 2498 1279 2586 196,

173 2599 232 2668 26.
259 2601 317 2667 ubi
341 2599 521 2668 Behkerus
541 2601 755 2668 indicativum
776 2600 846 2667 sine
873 2599 919 2671 ἄν
939 2601 1070 2692 posuit;
1102 2596 1195 2690 582,
1219 2603 1280 2677 24.

173 2702 259 2787 718,
276 2701 336 2768 14.
363 2701 524 2789 963,19.
542 2702 654 2786 1168,
670 2701 705 2773 6.
728 2700 841 2790 1266,
860 2702 921 2769 21.
941 2702 1101 2790 1366,8.
1118 2654 1280 2795 1337,.8

172 2807 240 2873 Ριο
255 2806 367 2874 futuro
390 2816 521 2889 autem,
546 2806 605 2873 ut
596 2830 631 2874 ιιι
650 2805 807 2895 Xenoph.
827 2804 955 2897 Gyrop
972 2807 1031 2873 lv
1046 2805 1080 2893 2
1099 2797 1200 2874 37.”
1150 2836 1282 2902 .αγετε

119 3002 123 3010 Ι
173 2911 252 2996 νῦν,
280 2910 373 3005 ἔφη,
384 2904 631 3005 αλᾶνδρες,”
595 2937 626 2981 ει
640 2935 735 2988 τινες
753 2935 855 3000 υμων
871 2935 919 2980 τοι
936 2908 1005 3001 μεν
1022 2936 1113 2981 πακα
1127 2936 1281 3002 μισειτε,

175 3007 322 3104 ιῖγαθοῦ
348 3013 389 3084 δέ
412 3038 511 3091 τινος
535 3038 610 3106 παρ
652 3009 754 3103 ἡμῶν
779 3004 977 3104 βούλοισθ
1006 3038 1052 3084 αν
1080 3008 1280 3106 τυγχάνειν.
1397 3033 1399 3036 ‘

172 3113 260 3182 Vide
276 3115 406 3181 Platon.
421 3117 558 3206 Protag
574 3139 610 3206 p
630 3113 716 3187 329.
733 3113 775 3180 Β.
792 3114 852 3182 ubi
868 3115 1091 3184 conferendus
1105 3117 1282 3187 Heindor-

173 3217 237 3284 lius
252 3241 287 3308 p
303 3212 389 3285 535.
416 3219 496 3286 Νοιι
512 3228 604 3285 recte
622 3240 704 3286 vero
720 3217 802 3285 olim
821 3217 965 3286 iudicavi
983 3219 1027 3287 de
1046 3220 1182 3289 Pindari
1202 3245 1283 3291 ver-

173 3319 224 3387 bis
242 3320 345 3411 Pyth.
361 3320 419 3390 IV.
435 3318 523 3388 468.
551 3318 673 3411 (263.)
1015 3357 1018 3365 ·

277 3501 309 3546 ει
322 3500 392 3568 γαρ
406 3499 460 3553 τις
477 3470 578 3559 ὄζους
594 3469 758 3566 ὀξυτόμῳ
774 3474 912 3547 πελέκει

277 3576 463 3672 εξερείψαι
476 3603 536 3648 αεν
553 3570 712 3668 μεγαλας
726 3569 851 3671 δρυός,
878 3571 1011 3669 αἰσχύ-

280 3706 336 3751 νοι
350 3681 393 3753 τέ
405 3706 440 3751 οι
433 3671 598 3776 θαητον
613 3674 717 3759 εἶδος

175 3828 317 3898 Videtur
328 3831 431 3898 ibi'
395 3858 454 3904 ιιεν
473 3832 507 3899 in
522 3832 591 3924 μὲν
606 3820 804 3901 mutandum
821 3854 911 3901 esse:
937 3855 1016 3900 nam
1033 3837 1282 3900 monstruosum
1419 3897 1422 3900 .

175 3932 337 4031 ἑξερείψῃ
352 3960 412 4006 ιιεν
423 3932 549 4003 habeat
565 3936 627 4004 sibi
639 3935 698 4025 qni
712 3935 845 4003 invenit
859 4005 863 4014 ,

104 4115 107 4121 .
276 4036 427 4125 Eadem,
459 4060 562 4128 quam
579 4038 744 4130 particula
767 4040 803 4110 εἰ
822 4060 902 4106 vere
929 4034 1159 4106 conditionalis
1180 4038 1283 4107 ratio-

175 4161 252 4205 nem
264 4136 380 4229 habet,
407 4142 596 4210 etiamtum
612 4141 750 4228 obtinet,
777 4163 881 4231 quum
896 4140 1133 4234 interrogativa
1147 4150 1206 4227 est,
1234 4143 1284 4208 an

175 4241 376 4334 significans.
427 4243 625 4337 Xenophon
641 4243 770 4336 Cyrop.
786 4244 812 4312 l.
833 4241 870 4332 6,
889 4243 947 4312 16.
975 4243 1120 4343 ἐρωτᾷς,
1147 4244 1228 4342 ἔφη,
1255 4239 1284 4316 ω’
