2918 4890
283 327 332 387 DE
353 323 686 386 INSCRlPTlONlBVS
708 322 1126 400 Qvlssvsolucfluucls.
1192 327 1257 392 m

155 516 312 600 stimaret,
339 495 503 605 siquidem
528 538 639 604 neque
666 512 835 584 Hesselius
861 515 1044 604 quidquam
1069 514 1113 582 de
1134 516 1254 584 lacuna

155 619 254 706 dixit,
289 641 400 707 neque
427 619 460 686 in
486 619 618 710 pictura
649 619 754 687 ullum
781 618 913 685 deletae
940 617 1124 708 scripturae
1151 618 1252 686 vesti-

154 723 249 814 gium
282 722 436 789 cernitur.
496 720 587 806 Quin
621 722 647 789 si
679 720 761 811 quid
794 721 853 788 illo
888 721 922 788 in
956 721 1060 788 latere
1094 721 1254 812 scriptum
1333 793 1336 799 ,

153 825 286 910 fnisset,
321 825 398 916 plus
431 825 527 916 spatii
561 834 630 910 est,
671 846 773 914 quam
798 832 928 892 utnon
953 823 1058 891 multo
1084 824 1191 890 maior
1220 833 1254 891 et

154 928 278 1018 plures,
304 950 405 1016 quam
432 928 539 994 visum
566 937 618 997 est
639 926 831 1012 Welclrero‚
856 949 971 994 versus
998 927 1175 1021 complexa
1201 927 1252 994 la·
1290 956 1296 969 1

155 1053 241 1097 cuna
276 1039 363 1099 esset
394 1030 563 1099 sumenda.
613 1030 667 1098 Ex
700 1052 769 1120 quo
802 1030 1014 1119 consequitur
1039 1029 1174 1105 lacunas
1199 1042 1253 1102 te-

153 1155 246 1200 mere
271 1155 292 1199 a
316 1132 497 1202 Welckero
523 1155 597 1201 esse
623 1133 793 1200 confictas.

256 1235 354 1320 Quae
379 1235 562 1322 retulimus,
593 1232 693 1302 etiam
718 1236 816 1303 aliam
834 1235 883 1302 ob
911 1256 1060 1303 caussam
1083 1260 1251 1309 memora-

152 1337 231 1422 bilia
259 1347 346 1411 sunt.
397 1339 485 1407 Nam
513 1338 685 1406 Hesselius
712 1360 816 1428 quum
843 1337 1075 1429 inscriptiones
1109 1363 1175 1408 uon
1208 1342 1252 1407 ab

152 1463 220 1508 una
245 1438 435 1530 eademque
457 1463 559 1509 manu
577 1441 718 1534 scriptas
743 1440 849 1508 rideri
867 1439 959 1530 dixit,
989 1462 1056 1509 non
1075 1465 1163 1533 opus
1186 1442 1251 1510 ha-

152 1543 225 1610 buit
246 1544 430 1634 quidquam
455 1543 591 1630 addere,
618 1545 777 1634 quoniam
796 1543 904 1636 pictas
930 1566 997 1629 eas,
1023 1544 1114 1612 utin
1137 1545 1251 1637 lapide

153 1655 244 1732 sunt,
272 1646 383 1714 dabat.
433 1646 490 1715 Ad
515 1647 608 1736 quod
633 1645 660 1714 si
685 1642 884 1716 Welclre'rus
910 1646 1094 1736 respondet
1119 1648 1167 1716 de
1192 1648 1251 1715 dl-

152 1771 263 1818 uerso
287 1772 400 1819 manu
426 1749 567 1818 omniuo
593 1747 735 1844 dubito,
767 1751 878 1845 primo
902 1749 1011 1817 lector
1034 1750 1139 1821 nescit
1169 1750 1251 1839 quid

152 1851 220 1919 hoc
247 1852 314 1947 sit,
346 1853 424 1943 quia
448 1874 559 1942 neque
585 1853 760 1943 quomodo
787 1842 982 1943 comparata
1009 1853 1051 1919 sit
1076 1853 1249 1943 scriptura,

153 1976 262 2042 neque
287 1955 345 2024 ubi
370 1955 463 2048 prior
487 1950 605 2058 manus
631 1955 781 2042 desierit,
808 1956 912 2024 altera
943 1962 1054 2022 autem
1085 1954 1251 2046 inceperit

153 2057 309 2143 scribere,
335 2059 466 2150 accipit.
496 2057 633 2134 Deinde
658 2079 740 2126 vero
762 2058 862 2126 etiam
884 2078 1022 2148 prorsus
1044 2057 1113 2124 sine
1137 2078 1250 2126 caussa

76 2240 79 2245 ι
152 2160 201 2226 sic
218 2161 448 2251 pronunciarit
466 2158 673 2230 Welckerus
712 2161 809 2228 Patet
828 2161 917 2228 enim
938 2159 1137 2250 scripturam
1155 2161 1249 2250 apud

151 2249 343 2330 Hessellum
362 2261 593 2353 consideranti,
619 2283 832 2353 nequaquam
854 2263 948 2330 illurn
968 2270 1095 2330 temere
1118 2260 1161 2329 de
1183 2261 1250 2329 du-

152 2363 233 2456 plici
258 2386 358 2432 manu
384 2365 558 2457 cogitasse.
609 2366 699 2434 Nam
725 2367 889 2434 sinistrum
914 2367 1011 2453 latus,
1037 2364 1072 2431 in
1097 2386 1164 2452 quo
1186 2365 1251 2431 tria

151 2467 265 2558 priora
278 2465 433 2537 ,disticha
458 2475 551 2554 sunt,
587 2468 714 2558 ubique
743 2467 895 2536 rotundis
927 2467 1081 2535 ductibus
1107 2466 1250 2559 praebet

100 2643 108 2671 ἱ
152 2571 208 2655 Ε,
236 2570 285 2655 θ,
315 2574 366 2650 0,
391 2575 447 2658 Σ,
473 2592 537 2638 nec
565 2571 629 2638 nisi
654 2580 706 2638 ter
727 2574 765 2644 E
788 2571 898 2639 forma
923 2569 1105 2659 quadrata,
1147 2570 1250 2637 semel

152 2693 251 2738 versu
280 2673 378 2739 tertio
405 2672 556 2759 decimo,
599 2674 677 2763 quia
696 2675 780 2747 ME
812 2672 980 2740 communi
1011 2672 1098 2739 linea
1124 2671 1250 2740 cohae-

151 2783 243 2855 rent;
277 2772 399 2842 deinde
425 2775 457 2843 in
484 2775 598 2843 litteris
625 2799 713 2866 quae
737 2798 801 2867 pro
830 2775 938 2842 dubiis
963 2773 1128 2841 habentur
1153 2776 1250 2841 versu

152 2886 246 2944 sexto
260 2875 392 2945 decimo
406 2887 439 2944 et
458 2877 749 2960 duodevicesimo;
774 2879 929 2952 Olittera
949 2884 1060 2944 autem
1076 2876 1138 2961 bis,
1153 2899 1250 2943 versu

153 2974 315 3070 septimo,
345 2989 390 3048 et
414 2978 499 3048 inter
526 2982 651 3048 litteras
679 2981 797 3049 dubias
821 2972 921 3048 versu
947 2979 1090 3071 septimo
1117 2977 1250 3046 decimo
1323 2980 1325 2985 ’

153 3081 316 3170 quadrata
341 3092 407 3171 est,
435 3092 526 3151 stans
551 3083 585 3151 ln
606 3085 750 3176 angu103
779 3085 811 3157 Θ
832 3091 866 3150 et
883 3087 924 3154 Σ
945 3103 1026 3151 vero
1052 3080 1250 3171 quadratam

153 3183 297 3250 formam
329 3207 493 3274 nusquam
525 3185 660 3253 habent.
714 3189 759 3253 At
786 3187 822 3253 iu
854 3185 959 3253 altero
989 3184 1092 3250 latere
1127 3183 1248 3276 lapidis

30 3303 33 3308 ’
152 3287 234 3352 istae
257 3295 412 3373 quattuor
429 3288 556 3356 litterae
574 3310 691 3355 omnes
713 3287 839 3376 ubique
859 3286 985 3355 habent
1001 3287 1144 3354 formam
1164 3309 1249 3374 qua-

154 3388 293 3473 dratam,
319 3412 381 3456 nec
407 3390 467 3456 nisi
491 3390 543 3458 bis
568 3389 732 3456 invenitur
755 3388 997 3478 Orotundum,
1024 3388 1128 3457 semel
1152 3411 1251 3457 versu

154 3490 303 3576 decimo,
338 3500 372 3559 et
405 3492 568 3559 minutum
602 3513 701 3559 versu
727 3491 880 3582 septimo.
926 3479 1033 3561 Porro
1060 3492 1095 3558 iu
1120 3491 1250 3558 sinistro

153 3594 258 3662 latere
286 3594 342 3662 'bis
376 3604 503 3661 tantum
537 3593 624 3661 duae
650 3594 779 3662 litterae
805 3597 973 3663 communi
997 3595 1084 3662 linea
1109 3593 1250 3679 iupctae,

152 3719 252 3764 versu
274 3698 372 3765 tertio
399 3697 550 3780 decimo,
577 3719 718 3786 quarum
745 3719 849 3790 supra
873 3699 1076 3766 mentionem
1102 3696 1251 3793 lecimus,

153 3800 254 3880 ME,
289 3809 322 3867 et
348 3800 381 3867 in
405 3801 516 3891 primo
541 3823 642 3868 versu
666 3800 778 3873 ΝΔ..
804 3801 851 3868 ln>
866 3800 983 3880 dextro
1009 3809 1122 3865 autem
1147 3799 1251 3866 latere

154 3903 277 3994 septies
304 3912 338 3969 et
362 3903 461 3971 vicies
488 3903 574 3972 duae
599 3900 789 3987 istomodo
809 3903 939 3971 litterae
958 3901 1135 3992 copulatae
1159 3910 1251 3982 sunt3

154 4005 259 4072 sexies
284 4012 419 4087 ternae;
445 4002 550 4074 semel
575 4005 662 4074 adeo
688 4012 880 4096 quaternae.
913 4005 1089 4072 Postremo
1116 4005 1148 4071 in
1170 4004 1251 4071 sini·

154 4116 223 4174 stro
236 4108 342 4176 latere
367 4109 451 4176 fines
477 4117 660 4177 metrorum
671 4118 800 4200 puncto
826 4115 990 4194 notantur,
1017 4116 1252 4198 praeterquam
1330 4098 1340 4111 ’

154 4232 254 4282 versu
280 4212 434 4302 septimo,
459 4212 494 4278 in
519 4232 587 4300 quo
615 4234 752 4279 currum
779 4232 910 4277 comma
936 4205 1001 4293 est,
1024 4209 1115 4298 quod
1139 4209 1252 4276 nescio

154 4335 196 4381 an
224 4313 328 4397 errori
353 4313 568 4384 tribuendum
589 4315 640 4400 sit,
667 4336 774 4403 aeque
800 4321 837 4379 ut
856 4321 1014 4479 accentqq
1033 4313 1068 4378 in
1096 4315 1128 4381 0
1155 4333 1252 4377 versu

1027 4415 1047 4463 a
