3236 5048
635 311 938 373 cotvuflt.
1279 317 1343 380 201

227 503 335 571 -dendi
352 503 503 572 laborem
520 511 559 570 ut
580 502 754 572 sordidum
774 507 1040 584 contemnentes,
1065 499 1340 574 incantationibus

232 605 432 697 quibasdam
448 617 481 674 et
492 606 692 698 praestigiis,
712 606 794 674 dum
808 602 912 674 ruodo
927 602 1057 686 credas,
1075 605 1230 676 morbida
1248 631 1339 698 sana,

231 711 443 803 genuinaque
460 711 572 802 spuria
592 733 665 778 esse
681 708 896 800 persuadent.
950 705 1045 790 Quin
1058 716 1096 776 ut
1109 730 1219 798 nuper
1233 713 1339 780 exorti

232 822 307 880 sunt
329 813 468 898 medici,
503 813 561 902 qui
583 814 679 882 unius
699 811 847 904 scrupuli
868 810 1077 878 infinitesima
1096 821 1195 902 parte
1215 835 1337 904 graves
1448 803 1453 818 '¹

230 916 368 984 'morbos
378 916 579 1008 profligant,
606 917 652 984 sic
668 916 768 986 etiam
788 913 891 982 critici
904 912 1042 1002 quidam
1056 915 1204 1004 aliquam
1217 926 1338 986 nomnt

123 1031 127 1049 ⁴
232 1013 532 1112 ὁμοιοπάθειαν,
558 1019 616 1109 qui
633 1042 697 1111 pro
714 1017 898 1110 personatis
921 1016 1070 1086 venduut
1089 1019 1283 1110 scriptores,
1310 1022 1338 1088 si

230 1122 266 1188 in
282 1121 396 1190 Attico
417 1115 479 1204 ξῦν
500 1145 565 1213 pro
589 1115 674 1210 cair,
701 1122 736 1190 in
752 1121 893 1192 Aeolico
912 1123 1034 1210 adpro
1056 1119 1257 1209 §dederinu
1283 1125 1337 1193 vel

230 1225 360 1313 aliquos
374 1225 437 1294 sibi
451 1225 540 1294 visos
560 1225 790 1316 soloecismos,
817 1225 938 1316 quibus
955 1232 993 1290 ut
1009 1223 1094 1292 feles
1112 1225 1261 1294 muribus
1284 1227 1336 1294 in-

230 1327 406 1412 sidiantur,
437 1329 652 1400 removerint.
705 1329 882 1398 Postremo
903 1336 940 1396 ut
960 1327 1081 1396 medici
1103 1328 1253 1396 officium
1275 1339 1337 1418 cst,

229 1433 358 1500 nobiles
379 1431 470 1500 iuxta
490 1440 525 1500 et
547 1432 732 1524 ignobiles,
758 1431 876 1502 divites
900 1439 934 1498 et
954 1447 1145 1523 pauperes,
1171 1433 1337 1523 optimum

229 1557 398 1624 quemque
417 1544 452 1602 et
470 1534 652 1627 pessimum
671 1557 804 1604 curaret
831 1537 879 1604 sic
902 1535 1002 1600 etiarn
1022 1533 1126 1602 critici
1143 1545 1214 1618 cst,
1241 1550 1361 1624 quo-5

229 1661 297 1727 quo
310 1646 461 1724 vocetur,
488 1661 556 1706 non
578 1647 716 1730 gravate
731 1639 930 1730 opitulatum
943 1637 1004 1723 ire,
1030 1659 1093 1704 uec
1107 1638 1166 1726 qui
1178 1639 1219 1709 sit
1234 1662 1336 1728 quem
1358 1703 1359 1710 ,

230 1763 347 1809 curare
362 1741 525 1828 iubeatur,
552 1741 613 1811 sed
628 1765 671 1810 an
681 1741 756 1833 opis
773 1741 815 1810 sit
830 1740 982 1832 indigcas
998 1762 1173 1828 quaerere.
1206 1741 1254 1808 Et
1268 1741 1336 1810 boc

229 1844 365 1932 quidem
389 1844 471 1912 mihi
494 1867 596 1935 spero
611 1845 815 1912 excusationi
831 1845 928 1929 fore,
955 1841 1121 1932 Colutbo,
1148 1843 1175 1910 si
1197 1846 1336 1934 possim,

228 1947 434 2016 salutiferam
452 1970 588 2018 manum
613 1947 822 2016 admoventi:
849 1947 907 2036 qui
921 1945 1026 2015 homo
1049 1947 1076 2014 si
1092 1968 1163 2014 non
1181 1947 1335 2038 scripsis-

228 2058 279 2118 set
294 2073 428 2119 cannen
449 2049 533 2119 illud
554 2049 843 2140 quodhabemus,
869 2071 937 2118 non
951 2049 1029 2138 plus
1050 2048 1162 2116 danim
1180 2049 1336 2124 fecissent

227 2153 377 2238 litterae,
405 2176 507 2243 quarn
523 2176 629 2242 quum
651 2152 784 2244 scripsit
801 2153 883 2219 lucri
897 2152 1059 2224 fecerunt.
1112 2151 1185 2238 Sed
1203 2153 1335 2244 scripsit

227 2256 302 2342 ille,
329 2257 559 2346 scriptumque
582 2257 652 2323 eins
676 2255 822 2347 pessime
841 2254 992 2322 nubitum
1011 2253 1057 2322 ad
1078 2275 1140 2322 nos
1159 2256 1333 2345 pervenit:

227 2366 275 2444 nt,
302 2357 405 2424 etiam
417 2358 443 2423 si
456 2357 539 2425 nihil
550 2359 694 2448 praemii
711 2358 885 2449 promittat
902 2355 1071 2426 medelam
1084 2356 1236 2446 allatura,
1265 2359 1333 2426 sal·

227 2467 297 2526 tem
312 2460 368 2526 rel
384 2459 610 2530 misericordia
626 2461 750 2552 dignus
766 2459 928 2546 videatur,
947 2459 1013 2546 vel,
1032 2468 1070 2528 ut
1081 2459 1117 2528 in
1138 2459 1195 2527 vili
1210 2461 1332 2552 capite,

227 2561 457 2653 experimenta
474 2563 589 2631 faeere
610 2564 718 2632 liceat.
754 2563 943 2653 Vtrumque
960 2562 992 2632 ei
1010 2585 1113 2654 supra
1121 2585 1225 2655 quam
1239 2563 1333 2632 credi

226 2674 364 2756 poterat
383 2667 541 2757 contigit,
567 2667 645 2734 licet
667 2689 735 2736 non
752 2689 973 2759 magnacum
991 2665 1116 2738 fructa
1167 2665 1332 2758 Lennepii

228 2768 318 2836 eninr
333 2769 485 2836 iuvenilis
499 2791 631 2860 opera,
656 2793 725 2837 non
738 2769 843 2862 digna
857 2770 913 2840 illa
926 2792 1014 2859 quae
1028 2770 1063 2835 in
1076 2767 1240 2840 hodierna
1254 2770 1330 2838 luce

227 2872 412 2939 litteranun
439 2871 553 2940 denuo
571 2872 664 2963 typis
691 2872 953 2962 describeretur,
990 2871 1075 2939 sicut
1094 2871 1152 2938 illo
1175 2879 1329 2962 tempore
1383 2943 1385 2954 Ι

226 2975 360 3042 solitum
382 2983 465 3058 erat,
490 2985 554 3043 nec
572 2985 686 3044 nostro
702 2975 847 3046 insolens
868 2985 928 3062 est,
953 2974 1062 3066 magis
1074 2973 1109 3040 in
1123 2996 1329 3064 expromen-
1377 3060 1379 3063 .
1469 3006 1472 3016 ¹

227 3077 278 3144 dis
301 3078 434 3160 alienis,
461 3101 563 3167 quam
584 3079 619 3146 in
644 3078 825 3148 afferendis
847 3101 935 3169 quae
963 3077 1007 3148 ad
1027 3099 1102 3146 rem
1123 3077 1331 3168 pertinerent

226 3202 301 3248 sese
316 3181 470 3250 iactabat.
502 3179 667 3251 Nimirum
684 3183 717 3250 in
735 3183 888 3252 familiari
902 3181 1075 3263 bominum
1088 3181 1328 3251 consuetudine

227 3291 262 3350 et
281 3283 412 3350 circulis
433 3283 490 3372 qui
511 3308 580 3358 non
598 3285 692 3375 quod
708 3287 930 3376 iuterrogatus
947 3293 1019 3354 erat
1040 3283 1243 3374 respondet,
1265 3283 1328 3352 sed

141 3455 144 3461 ,
226 3384 425 3452 alienissima
442 3408 606 3476 quaeque·
616 3389 670 3456 vel
684 3389 791 3456 multo
805 3388 900 3456 laxae
920 3387 1076 3456 orationis
1090 3386 1226 3454 flumine
1240 3408 1326 3476 pro·

226 3486 354 3573 fundit,
380 3488 436 3555 vel
449 3489 553 3557 cruda
573 3514 649 3558 cum
664 3491 827 3558 brevitate
843 3489 1005 3558 fastidiosi
1019 3489 1187 3580 supercilii
1199 3479 1326 3556 iacula-

225 3598 299 3676 tur,
324 3591 496 3680 impolitus
521 3601 555 3658 et
577 3593 715 3661 stolidus
736 3592 855 3660 haberi
880 3593 980 3661 solett
1006 3591 1190 3682 inscriptis
1214 3600 1327 3660 autem

226 3715 294 3781 quo
308 3693 384 3783 quia
395 3694 495 3785 plura
511 3719 532 3762 a
542 3695 720 3787 proposito
735 3695 966 3777 abhorrentia,
993 3716 1148 3785 quaeque
1162 3693 1228 3760 iam
1241 3695 1325 3762 scire

225 3796 310 3863 nolis
328 3807 508 3888 congerat,
534 3821 577 3866 eo
592 3799 687 3868 multi
703 3807 738 3866 et
759 3799 945 3868 doctiorem
964 3808 998 3866 et
1017 3796 1231 3869 eruditiorem
1252 3819 1325 3866 esse

226 3899 427 3996 existimant:
453 3923 523 3990 quo
542 3903 599 3987 fit,
624 3911 661 3970 ut
673 3901 777 3971 hodie
791 3924 928 3991 quoque
942 3923 1066 3994 magna
1084 3897 1138 3967 edi
1160 3899 1325 3970 volumina

225 4000 418 4088 videamus,
444 4004 478 4072 iu
500 4006 620 4094 quibus
642 4028 776 4091 eorum,
799 3989 889 4094 qiae
910 4006 1023 4074 titulus
1038 4001 1235 4095 profitetur,
1261 4001 1325 4078 ad-

223 4104 365 4172 modum
377 4104 478 4192 nibil,
505 4107 566 4175 sed
580 4132 667 4198 quac
684 4131 794 4197 neque
808 4131 950 4199 quaeras
964 4129 1074 4196 neque
1090 4114 1125 4172 te
1139 4104 1257 4180 credas
1272 4105 1324 4175 ia·
1410 4111 1411 4116 ’

224 4217 401 4277 venturum
422 4210 583 4301 reperias.
632 4213 715 4280 Post
740 4212 966 4303 Lennepium,
999 4211 1026 4278 si
1048 4210 1139 4278 leves
1159 4205 1325 4297 quosdam

224 4320 362 4391 conatus
376 4321 411 4381 ct
424 4314 620 4386 vertentium
631 4314 665 4384 in
675 4315 755 4384 alias
768 4315 899 4408 linguas
913 4313 1098 4388 mirabilem
1106 4308 1245 4388 Colutbi
1253 4307 1323 4388 'adr
