<?xml version="1.0" encoding="UTF-8"?>
<!DOCTYPE html PUBLIC "-//W3C//DTD XHTML 1.0 Transitional//EN"
    "http://www.w3.org/TR/xhtml1/DTD/xhtml1-transitional.dtd">
<html xmlns="http://www.w3.org/1999/xhtml" xml:lang="en" lang="en">
 <head>
  <title>
</title>
<meta http-equiv="Content-Type" content="text/html;charset=utf-8" />
  <meta name='ocr-system' content='tesseract 3.04.00' />
  <meta name='ocr-capabilities' content='ocr_page ocr_carea ocr_par ocr_line ocrx_word'/>
</head>
<body>
  <div class='ocr_page' id='page_1' title='image "./opuscula10hermgoog_0062.png"; bbox 0 0 2918 4890; ppageno 0'>
   <div class='ocr_carea' id='block_1_1' title="bbox 550 303 1289 380">
    <p class='ocr_par' dir='ltr' id='par_1_1' title="bbox 550 303 1289 380">
     <span class='ocr_line' id='line_1_1' title="bbox 550 303 1289 380; baseline 0.012 -16"><span class='ocrx_word' id='word_1_1' title='bbox 550 303 641 368; x_wconf 73' lang='lat' dir='ltr'><strong>alo.</strong></span> <span class='ocrx_word' id='word_1_2' title='bbox 666 306 687 369; x_wconf 91' lang='lat' dir='ltr'><strong>l.</strong></span> <span class='ocrx_word' id='word_1_3' title='bbox 734 306 834 368; x_wconf 76' lang='lat' dir='ltr'><strong>cte.</strong></span> <span class='ocrx_word' id='word_1_4' title='bbox 857 309 907 371; x_wconf 84' lang='lat' dir='ltr'><strong>lt).</strong></span> <span class='ocrx_word' id='word_1_5' title='bbox 1245 318 1289 380; x_wconf 78' lang='lat'><strong>49</strong></span> 
     </span>
    </p>
   </div>
   <div class='ocr_carea' id='block_1_2' title="bbox 169 493 1287 692">
    <p class='ocr_par' dir='ltr' id='par_1_2' title="bbox 169 493 1287 692">
     <span class='ocr_line' id='line_1_2' title="bbox 169 493 1287 590; baseline 0.007 -26"><span class='ocrx_word' id='word_1_6' title='bbox 169 495 286 564; x_wconf 89' lang='lat' dir='ltr'><strong>Potuit</strong></span> <span class='ocrx_word' id='word_1_7' title='bbox 317 493 374 562; x_wconf 90' lang='lat' dir='ltr'><strong>hic</strong></span> <span class='ocrx_word' id='word_1_8' title='bbox 407 493 509 563; x_wconf 84' lang='lat' dir='ltr'><strong>etiam</strong></span> <span class='ocrx_word' id='word_1_9' title='bbox 534 495 656 569; x_wconf 79' lang='grc' dir='ltr'><strong><em>ιέ·κον</em></strong></span> <span class='ocrx_word' id='word_1_10' title='bbox 683 495 760 568; x_wconf 82' lang='lat' dir='ltr'><strong>dici.</strong></span> <span class='ocrx_word' id='word_1_11' title='bbox 815 497 873 566; x_wconf 90' lang='lat' dir='ltr'><strong>Sic</strong></span> <span class='ocrx_word' id='word_1_12' title='bbox 900 499 988 566; x_wconf 90' lang='lat' dir='ltr'><strong>enim</strong></span> <span class='ocrx_word' id='word_1_13' title='bbox 1014 499 1195 590; x_wconf 88' lang='lat' dir='ltr'><strong>loquuntur</strong></span> <span class='ocrx_word' id='word_1_14' title='bbox 1225 527 1287 573; x_wconf 84' lang='lat' dir='ltr'><strong>re-</strong></span> 
     </span>
     <span class='ocr_line' id='line_1_3' title="bbox 169 591 772 692; baseline -0.003 -24"><span class='ocrx_word' id='word_1_15' title='bbox 169 598 311 670; x_wconf 88' lang='lat' dir='ltr'><strong>terrimi.</strong></span> <span class='ocrx_word' id='word_1_16' title='bbox 365 596 462 671; x_wconf 82' lang='lat' dir='ltr'><strong>Iliad</strong></span> <span class='ocrx_word' id='word_1_17' title='bbox 490 617 531 692; x_wconf 77' lang='grc' dir='ltr'><strong>ψ.</strong></span> <span class='ocrx_word' id='word_1_18' title='bbox 558 591 646 671; x_wconf 80' lang='grc'><strong>526.</strong></span> <span class='ocrx_word' id='word_1_19' title='bbox 759 620 772 639; x_wconf 30' lang='grc' dir='ltr'>Χ</span> 
     </span>
    </p>
   </div>
   <div class='ocr_carea' id='block_1_3' title="bbox 224 729 1341 940">
    <p class='ocr_par' dir='ltr' id='par_1_3' title="bbox 224 729 1341 940">
     <span class='ocr_line' id='line_1_4' title="bbox 224 729 1286 856; baseline 0.008 -47"><span class='ocrx_word' id='word_1_20' title='bbox 224 738 260 810; x_wconf 81' lang='grc' dir='ltr'><strong>εἰ</strong></span> <span class='ocrx_word' id='word_1_21' title='bbox 284 729 386 808; x_wconf 83' lang='grc' dir='ltr'><strong>δέ’</strong></span> <span class='ocrx_word' id='word_1_22' title='bbox 349 763 370 806; x_wconf 87' lang='grc' dir='ltr'><strong><em>κ</em></strong></span> <span class='ocrx_word' id='word_1_23' title='bbox 413 733 469 806; x_wconf 80' lang='grc' dir='ltr'><strong>ἔτι</strong></span> <span class='ocrx_word' id='word_1_24' title='bbox 495 736 660 835; x_wconf 75' lang='grc' dir='ltr'><strong><em>προτέρω</em></strong></span> <span class='ocrx_word' id='word_1_25' title='bbox 687 736 811 856; x_wconf 57' lang='grc' dir='ltr'><strong><em>μένεμρ</em></strong></span> <span class='ocrx_word' id='word_1_26' title='bbox 839 731 1025 832; x_wconf 81' lang='grc' dir='ltr'><em>δρόμος</em></span> <span class='ocrx_word' id='word_1_27' title='bbox 1000 741 1286 835; x_wconf 85' lang='grc' dir='ltr'><strong><em>αμφοτέροιοιν,</em></strong></span> 
     </span>
     <span class='ocr_line' id='line_1_5' title="bbox 225 828 1341 940; baseline 0.006 -29"><span class='ocrx_word' id='word_1_28' title='bbox 225 838 279 934; x_wconf 73' lang='grc' dir='ltr'><strong>τῷ</strong></span> <span class='ocrx_word' id='word_1_29' title='bbox 304 838 363 911; x_wconf 88' lang='grc' dir='ltr'><strong><em>κέν</em></strong></span> <span class='ocrx_word' id='word_1_30' title='bbox 387 862 455 929; x_wconf 90' lang='grc' dir='ltr'><strong><em>μιν</em></strong></span> <span class='ocrx_word' id='word_1_31' title='bbox 481 828 697 932; x_wconf 82' lang='grc' dir='ltr'><strong><em>παρέλαοο’,</em></strong></span> <span class='ocrx_word' id='word_1_32' title='bbox 726 834 807 910; x_wconf 78' lang='grc' dir='ltr'><strong>οὐδ’</strong></span> <span class='ocrx_word' id='word_1_33' title='bbox 833 834 1068 936; x_wconf 70' lang='grc' dir='ltr'><em>ἀμφήριστον</em></span> <span class='ocrx_word' id='word_1_34' title='bbox 1092 844 1232 940; x_wconf 78' lang='grc' dir='ltr'><strong><em>ἔθηκεν.</em></strong></span> <span class='ocrx_word' id='word_1_35' title='bbox 1329 836 1341 849; x_wconf 71' lang='grc'><strong>’</strong></span> 
     </span>
    </p>
   </div>
   <div class='ocr_carea' id='block_1_4' title="bbox 171 973 1097 1338">
    <p class='ocr_par' dir='ltr' id='par_1_4' title="bbox 171 973 1097 1338">
     <span class='ocr_line' id='line_1_6' title="bbox 171 973 1021 1066; baseline 0.002 -24"><span class='ocrx_word' id='word_1_36' title='bbox 171 976 258 1043; x_wconf 87' lang='lat' dir='ltr'><strong>Et</strong></span> <span class='ocrx_word' id='word_1_37' title='bbox 247 998 285 1043; x_wconf 89' lang='grc' dir='ltr'><strong>ιιι</strong></span> <span class='ocrx_word' id='word_1_38' title='bbox 309 995 410 1051; x_wconf 76' lang='lat' dir='ltr'><strong>vorsu</strong></span> <span class='ocrx_word' id='word_1_39' title='bbox 435 973 494 1040; x_wconf 95' lang='lat' dir='ltr'><strong>illo</strong></span> <span class='ocrx_word' id='word_1_40' title='bbox 520 974 615 1066; x_wconf 87' lang='lat' dir='ltr'><strong>apud</strong></span> <span class='ocrx_word' id='word_1_41' title='bbox 639 975 854 1044; x_wconf 87' lang='lat' dir='ltr'><strong>Herodotum</strong></span> <span class='ocrx_word' id='word_1_42' title='bbox 879 977 907 1044; x_wconf 93' lang='grc' dir='ltr'>Ι</span> <span class='ocrx_word' id='word_1_43' title='bbox 937 977 1021 1051; x_wconf 77' lang='lat' dir='ltr'><strong>ltt</strong></span> 
     </span>
     <span class='ocr_line' id='line_1_7' title="bbox 225 1101 1097 1241; baseline 0.007 -59"><span class='ocrx_word' id='word_1_44' title='bbox 225 1101 318 1190; x_wconf 78' lang='grc' dir='ltr'><strong>Ζοές</strong></span> <span class='ocrx_word' id='word_1_45' title='bbox 342 1101 413 1204; x_wconf 80' lang='lat' dir='ltr'><strong>yoip</strong></span> <span class='ocrx_word' id='word_1_46' title='bbox 439 1103 476 1180; x_wconf 82' lang='grc' dir='ltr'><strong>κ’</strong></span> <span class='ocrx_word' id='word_1_47' title='bbox 501 1109 609 1209; x_wconf 76' lang='grc' dir='ltr'><strong><em>ἔθηκε</em></strong></span> <span class='ocrx_word' id='word_1_48' title='bbox 635 1110 771 1241; x_wconf 47' lang='grc' dir='ltr'><strong><em>νῆσονῖ</em></strong></span> <span class='ocrx_word' id='word_1_49' title='bbox 793 1113 830 1185; x_wconf 73' lang='grc' dir='ltr'><strong>εἴ</strong></span> <span class='ocrx_word' id='word_1_50' title='bbox 851 1115 888 1184; x_wconf 92' lang='grc' dir='ltr'><strong>κ’</strong></span> <span class='ocrx_word' id='word_1_51' title='bbox 914 1106 1097 1206; x_wconf 74' lang='grc' dir='ltr'><strong><em>ἐβούλετο.</em></strong></span> 
     </span>
     <span class='ocr_line' id='line_1_8' title="bbox 171 1242 998 1338; baseline 0.004 -24"><span class='ocrx_word' id='word_1_52' title='bbox 171 1246 325 1314; x_wconf 85' lang='lat' dir='ltr'><strong>Etcum</strong></span> <span class='ocrx_word' id='word_1_53' title='bbox 351 1247 566 1338; x_wconf 85' lang='lat' dir='ltr'><strong>pronomine.</strong></span> <span class='ocrx_word' id='word_1_54' title='bbox 594 1245 720 1338; x_wconf 81' lang='lat' dir='ltr'><strong>Odyss.</strong></span> <span class='ocrx_word' id='word_1_55' title='bbox 743 1276 774 1321; x_wconf 90' lang='grc' dir='ltr'><strong><em>ν.</em></strong></span> <span class='ocrx_word' id='word_1_56' title='bbox 802 1243 889 1318; x_wconf 83' lang='grc'><strong>205.</strong></span> <span class='ocrx_word' id='word_1_57' title='bbox 994 1242 998 1247; x_wconf 59' lang='grc'>’</span> 
     </span>
    </p>
   </div>
   <div class='ocr_carea' id='block_1_5' title="bbox 225 1375 1244 1584">
    <p class='ocr_par' dir='ltr' id='par_1_5' title="bbox 225 1375 1244 1584">
     <span class='ocr_line' id='line_1_9' title="bbox 434 1375 1244 1485; baseline 0.004 -30"><span class='ocrx_word' id='word_1_58' title='bbox 434 1375 503 1473; x_wconf 77' lang='grc' dir='ltr'><strong>ἐμω</strong></span> <span class='ocrx_word' id='word_1_59' title='bbox 529 1384 572 1456; x_wconf 86' lang='grc' dir='ltr'><strong>δέ</strong></span> <span class='ocrx_word' id='word_1_60' title='bbox 598 1410 658 1454; x_wconf 74' lang='grc' dir='ltr'><strong><em>κεν</em></strong></span> <span class='ocrx_word' id='word_1_61' title='bbox 686 1383 796 1458; x_wconf 80' lang='grc' dir='ltr'><strong><em>ἄλλον</em></strong></span> <span class='ocrx_word' id='word_1_62' title='bbox 823 1390 1040 1483; x_wconf 72' lang='grc' dir='ltr'><strong><em>ἐρισθενέων</em></strong></span> <span class='ocrx_word' id='word_1_63' title='bbox 1060 1381 1244 1485; x_wconf 76' lang='grc' dir='ltr'><strong>βασιλήων</strong></span> 
     </span>
     <span class='ocr_line' id='line_1_10' title="bbox 225 1478 1227 1584; baseline 0.004 -24"><span class='ocrx_word' id='word_1_64' title='bbox 225 1478 420 1583; x_wconf 75' lang='grc' dir='ltr'><strong><em>ἐξικόμην,</em></strong></span> <span class='ocrx_word' id='word_1_65' title='bbox 448 1481 488 1567; x_wconf 82' lang='grc' dir='ltr'><strong>ὅς</strong></span> <span class='ocrx_word' id='word_1_66' title='bbox 513 1487 573 1559; x_wconf 91' lang='grc' dir='ltr'><strong><em>κέν</em></strong></span> <span class='ocrx_word' id='word_1_67' title='bbox 602 1513 632 1579; x_wconf 94' lang='grc' dir='ltr'><strong><em>μ</em></strong></span> <span class='ocrx_word' id='word_1_68' title='bbox 639 1483 791 1582; x_wconf 78' lang='grc' dir='ltr'><strong><em>’ἐφίλει</em></strong></span> <span class='ocrx_word' id='word_1_69' title='bbox 816 1490 876 1562; x_wconf 84' lang='grc' dir='ltr'><strong>καὶ</strong></span> <span class='ocrx_word' id='word_1_70' title='bbox 902 1493 1039 1584; x_wconf 76' lang='grc' dir='ltr'><strong><em>ἔπεμπε</em></strong></span> <span class='ocrx_word' id='word_1_71' title='bbox 1065 1492 1227 1565; x_wconf 37' lang='grc' dir='ltr'><strong><em>νεᾛεοθαι</em></strong></span> 
     </span>
    </p>
   </div>
   <div class='ocr_carea' id='block_1_6' title="bbox 138 1622 1288 2068">
    <p class='ocr_par' dir='ltr' id='par_1_6' title="bbox 138 1622 1288 2028">
     <span class='ocr_line' id='line_1_11' title="bbox 170 1622 1288 1719; baseline 0.004 -27"><span class='ocrx_word' id='word_1_72' title='bbox 170 1623 254 1692; x_wconf 87' lang='grc' dir='ltr'>Νοιι</span> <span class='ocrx_word' id='word_1_73' title='bbox 277 1622 502 1690; x_wconf 84' lang='lat' dir='ltr'><strong>necessarium</strong></span> <span class='ocrx_word' id='word_1_74' title='bbox 528 1633 600 1691; x_wconf 89' lang='lat' dir='ltr'><strong>erat</strong></span> <span class='ocrx_word' id='word_1_75' title='bbox 625 1626 768 1694; x_wconf 88' lang='lat' dir='ltr'><strong>altemm</strong></span> <span class='ocrx_word' id='word_1_76' title='bbox 792 1628 863 1700; x_wconf 91' lang='grc' dir='ltr'><strong><em>κέν.</em></strong></span> <span class='ocrx_word' id='word_1_77' title='bbox 915 1628 1003 1701; x_wconf 92' lang='lat' dir='ltr'><strong>Nam</strong></span> <span class='ocrx_word' id='word_1_78' title='bbox 1030 1629 1156 1709; x_wconf 80' lang='lat' dir='ltr'><strong>oratio,</strong></span> <span class='ocrx_word' id='word_1_79' title='bbox 1199 1651 1288 1719; x_wconf 86' lang='lat' dir='ltr'><strong>quac</strong></span> 
     </span>
     <span class='ocr_line' id='line_1_12' title="bbox 138 1727 1288 1818; baseline 0.005 -23"><span class='ocrx_word' id='word_1_80' title='bbox 138 1730 140 1735; x_wconf 71' lang='grc'>’</span> <span class='ocrx_word' id='word_1_81' title='bbox 172 1732 338 1818; x_wconf 83' lang='lat' dir='ltr'><strong>suspensa</strong></span> <span class='ocrx_word' id='word_1_82' title='bbox 363 1735 414 1793; x_wconf 88' lang='lat' dir='ltr'><strong>est</strong></span> <span class='ocrx_word' id='word_1_83' title='bbox 439 1748 482 1793; x_wconf 83' lang='lat' dir='ltr'><strong>ex</strong></span> <span class='ocrx_word' id='word_1_84' title='bbox 507 1727 572 1794; x_wconf 91' lang='lat' dir='ltr'><strong>alia</strong></span> <span class='ocrx_word' id='word_1_85' title='bbox 597 1729 778 1810; x_wconf 81' lang='lat' dir='ltr'><strong>sententia,</strong></span> <span class='ocrx_word' id='word_1_86' title='bbox 811 1730 907 1798; x_wconf 86' lang='lat' dir='ltr'><strong>verbi</strong></span> <span class='ocrx_word' id='word_1_87' title='bbox 933 1731 1037 1799; x_wconf 90' lang='lat' dir='ltr'><strong>modo</strong></span> <span class='ocrx_word' id='word_1_88' title='bbox 1063 1741 1194 1800; x_wconf 89' lang='lat' dir='ltr'><strong>servato</strong></span> <span class='ocrx_word' id='word_1_89' title='bbox 1221 1756 1288 1801; x_wconf 90' lang='lat' dir='ltr'><strong>non</strong></span> 
     </span>
     <span class='ocr_line' id='line_1_13' title="bbox 171 1827 1288 1920; baseline 0.005 -23"><span class='ocrx_word' id='word_1_90' title='bbox 171 1829 307 1920; x_wconf 81' lang='lat' dir='ltr'><strong>indiget</strong></span> <span class='ocrx_word' id='word_1_91' title='bbox 321 1827 520 1920; x_wconf 79' lang='lat' dir='ltr'><strong>repetitione</strong></span> <span class='ocrx_word' id='word_1_92' title='bbox 534 1832 729 1920; x_wconf 81' lang='lat' dir='ltr'><strong>particulae.</strong></span> <span class='ocrx_word' id='word_1_93' title='bbox 765 1833 858 1916; x_wconf 79' lang='lat' dir='ltr'><strong>Quin</strong></span> <span class='ocrx_word' id='word_1_94' title='bbox 877 1836 1080 1903; x_wconf 83' lang='lat' dir='ltr'><strong>recentiores</strong></span> <span class='ocrx_word' id='word_1_95' title='bbox 1104 1835 1204 1902; x_wconf 88' lang='lat' dir='ltr'><strong>etiam</strong></span> <span class='ocrx_word' id='word_1_96' title='bbox 1224 1835 1288 1903; x_wconf 89' lang='lat' dir='ltr'><strong>ad-</strong></span> 
     </span>
     <span class='ocr_line' id='line_1_14' title="bbox 172 1932 1286 2068; baseline 0.006 -68"><span class='ocrx_word' id='word_1_97' title='bbox 172 1941 376 2024; x_wconf 81' lang='lat' dir='ltr'><strong>spernantur</strong></span> <span class='ocrx_word' id='word_1_98' title='bbox 394 1932 630 2022; x_wconf 86' lang='lat' dir='ltr'><strong>repetitionem</strong></span> <span class='ocrx_word' id='word_1_99' title='bbox 649 1935 851 2004; x_wconf 88' lang='lat' dir='ltr'><strong>huiusmodi.</strong></span> <span class='ocrx_word' id='word_1_100' title='bbox 895 1937 969 2004; x_wconf 89' lang='lat' dir='ltr'><strong>Nec</strong></span> <span class='ocrx_word' id='word_1_101' title='bbox 995 1937 1129 2068; x_wconf 89' lang='lat' dir='ltr'><strong>repetiit</strong></span> <span class='ocrx_word' id='word_1_102' title='bbox 1153 1938 1286 2007; x_wconf 91' lang='lat' dir='ltr'><strong>Home</strong></span> 
     </span>
    </p>
   </div>
   <div class='ocr_carea' id='block_1_7' title="bbox 171 2032 463 2108">
    <p class='ocr_par' dir='ltr' id='par_1_7' title="bbox 171 2032 463 2108">
     <span class='ocr_line' id='line_1_15' title="bbox 171 2032 463 2108; baseline -0.004 -4"><span class='ocrx_word' id='word_1_103' title='bbox 171 2032 363 2108; x_wconf 77' lang='lat' dir='ltr'><strong>rusOdd.</strong></span> <span class='ocrx_word' id='word_1_104' title='bbox 377 2033 463 2105; x_wconf 69' lang='lat'><strong>178.</strong></span> 
     </span>
    </p>
   </div>
   <div class='ocr_carea' id='block_1_8' title="bbox 226 2169 1150 2373">
    <p class='ocr_par' dir='ltr' id='par_1_8' title="bbox 226 2169 1150 2373">
     <span class='ocr_line' id='line_1_16' title="bbox 842 2169 1150 2271; baseline 0 -25"><span class='ocrx_word' id='word_1_105' title='bbox 842 2169 930 2247; x_wconf 79' lang='grc' dir='ltr'><strong><em>οὐδέ</em></strong></span> <span class='ocrx_word' id='word_1_106' title='bbox 952 2200 1012 2246; x_wconf 80' lang='grc' dir='ltr'><strong><em>κεν</em></strong></span> <span class='ocrx_word' id='word_1_107' title='bbox 1038 2172 1150 2271; x_wconf 75' lang='grc' dir='ltr'><strong><em>ημέας</em></strong></span> 
     </span>
     <span class='ocr_line' id='line_1_17' title="bbox 226 2270 1114 2373; baseline 0.005 -27"><span class='ocrx_word' id='word_1_108' title='bbox 226 2270 316 2346; x_wconf 78' lang='grc' dir='ltr'><strong><em>ἄλλο</em></strong></span> <span class='ocrx_word' id='word_1_109' title='bbox 345 2271 521 2368; x_wconf 75' lang='grc' dir='ltr'><strong><em>διέκρινεν</em></strong></span> <span class='ocrx_word' id='word_1_110' title='bbox 551 2272 723 2367; x_wconf 83' lang='grc' dir='ltr'><strong><em>φιλέοντέ</em></strong></span> <span class='ocrx_word' id='word_1_111' title='bbox 745 2303 787 2348; x_wconf 80' lang='grc' dir='ltr'><strong>τε</strong></span> <span class='ocrx_word' id='word_1_112' title='bbox 811 2278 1023 2373; x_wconf 74' lang='grc' dir='ltr'><strong><em>τερπομένω</em></strong></span> <span class='ocrx_word' id='word_1_113' title='bbox 1049 2305 1114 2366; x_wconf 81' lang='grc' dir='ltr'><strong>τι,</strong></span> 
     </span>
    </p>
   </div>
   <div class='ocr_carea' id='block_1_9' title="bbox 224 2370 1254 2476">
    <p class='ocr_par' dir='ltr' id='par_1_9' title="bbox 224 2370 1254 2476">
     <span class='ocr_line' id='line_1_18' title="bbox 224 2370 1254 2476; baseline 0.007 -28"><span class='ocrx_word' id='word_1_114' title='bbox 224 2373 312 2475; x_wconf 76' lang='grc' dir='ltr'><strong><em>πρίν</em></strong></span> <span class='ocrx_word' id='word_1_115' title='bbox 334 2371 372 2469; x_wconf 80' lang='lat' dir='ltr'><strong>y&#39;</strong></span> <span class='ocrx_word' id='word_1_116' title='bbox 395 2372 458 2448; x_wconf 82' lang='grc' dir='ltr'><strong>ὅτι</strong></span> <span class='ocrx_word' id='word_1_117' title='bbox 475 2370 520 2475; x_wconf 82' lang='grc' dir='ltr'><strong>δη</strong></span> <span class='ocrx_word' id='word_1_118' title='bbox 534 2371 719 2452; x_wconf 76' lang='grc' dir='ltr'><strong><em>θανάτοιο</em></strong></span> <span class='ocrx_word' id='word_1_119' title='bbox 734 2380 906 2473; x_wconf 85' lang='grc' dir='ltr'><strong><em>μέλαν’</em></strong></span> <span class='ocrx_word' id='word_1_120' title='bbox 865 2407 971 2476; x_wconf 75' lang='lat' dir='ltr'><strong>rapae</strong></span> <span class='ocrx_word' id='word_1_121' title='bbox 985 2372 1254 2476; x_wconf 72' lang='grc' dir='ltr'><strong><em>ἀμφεκάλυψεν</em></strong></span> 
     </span>
    </p>
   </div>
   <div class='ocr_carea' id='block_1_10' title="bbox 173 2527 1288 2830">
    <p class='ocr_par' dir='ltr' id='par_1_10' title="bbox 173 2527 1288 2830">
     <span class='ocr_line' id='line_1_19' title="bbox 179 2527 1286 2626; baseline 0.004 -26"><span class='ocrx_word' id='word_1_122' title='bbox 179 2527 282 2600; x_wconf 83' lang='lat' dir='ltr'><strong>Nihil</strong></span> <span class='ocrx_word' id='word_1_123' title='bbox 316 2550 385 2600; x_wconf 83' lang='lat' dir='ltr'><strong>aaa</strong></span> <span class='ocrx_word' id='word_1_124' title='bbox 419 2530 647 2621; x_wconf 77' lang='lat' dir='ltr'><strong>diremisset,</strong></span> <span class='ocrx_word' id='word_1_125' title='bbox 694 2541 892 2626; x_wconf 79' lang='lat' dir='ltr'><strong>antequam</strong></span> <span class='ocrx_word' id='word_1_126' title='bbox 926 2541 1027 2604; x_wconf 87' lang='lat' dir='ltr'><strong>mors</strong></span> <span class='ocrx_word' id='word_1_127' title='bbox 1062 2533 1286 2604; x_wconf 77' lang='lat' dir='ltr'><strong>occuluisset.</strong></span> 
     </span>
     <span class='ocr_line' id='line_1_20' title="bbox 173 2584 1288 2730; baseline 0.002 -26"><span class='ocrx_word' id='word_1_128' title='bbox 173 2636 264 2704; x_wconf 87' lang='lat' dir='ltr'><strong>Nam</strong></span> <span class='ocrx_word' id='word_1_129' title='bbox 290 2633 317 2702; x_wconf 87' lang='lat' dir='ltr'><strong>si</strong></span> <span class='ocrx_word' id='word_1_130' title='bbox 342 2633 501 2726; x_wconf 87' lang='lat' dir='ltr'><strong>primaria</strong></span> <span class='ocrx_word' id='word_1_131' title='bbox 527 2584 689 2704; x_wconf 81' lang='lat' dir='ltr'><strong>senteritia</strong></span> <span class='ocrx_word' id='word_1_132' title='bbox 708 2637 937 2705; x_wconf 85' lang='lat' dir='ltr'><strong>conditionalis</strong></span> <span class='ocrx_word' id='word_1_133' title='bbox 960 2645 1027 2724; x_wconf 87' lang='lat' dir='ltr'><strong>est,</strong></span> <span class='ocrx_word' id='word_1_134' title='bbox 1061 2660 1129 2704; x_wconf 95' lang='lat' dir='ltr'><strong>non</strong></span> <span class='ocrx_word' id='word_1_135' title='bbox 1148 2647 1288 2730; x_wconf 86' lang='lat' dir='ltr'><strong>possunt</strong></span> 
     </span>
     <span class='ocr_line' id='line_1_21' title="bbox 173 2738 1288 2830; baseline 0.002 -23"><span class='ocrx_word' id='word_1_136' title='bbox 173 2760 246 2807; x_wconf 90' lang='lat' dir='ltr'><strong>non</strong></span> <span class='ocrx_word' id='word_1_137' title='bbox 271 2738 385 2806; x_wconf 90' lang='lat' dir='ltr'><strong>omnia</strong></span> <span class='ocrx_word' id='word_1_138' title='bbox 410 2738 646 2806; x_wconf 82' lang='lat' dir='ltr'><strong>conditionalia</strong></span> <span class='ocrx_word' id='word_1_139' title='bbox 668 2762 750 2825; x_wconf 87' lang='lat' dir='ltr'><strong>esse,</strong></span> <span class='ocrx_word' id='word_1_140' title='bbox 777 2763 863 2828; x_wconf 90' lang='lat' dir='ltr'><strong>quae</strong></span> <span class='ocrx_word' id='word_1_141' title='bbox 885 2739 1037 2830; x_wconf 90' lang='lat' dir='ltr'><strong>pendent</strong></span> <span class='ocrx_word' id='word_1_142' title='bbox 1056 2761 1098 2807; x_wconf 84' lang='lat' dir='ltr'><strong>ex</strong></span> <span class='ocrx_word' id='word_1_143' title='bbox 1117 2762 1166 2808; x_wconf 91' lang='lat' dir='ltr'><strong>ea.</strong></span> <span class='ocrx_word' id='word_1_144' title='bbox 1221 2742 1288 2810; x_wconf 89' lang='lat' dir='ltr'><strong>Se-</strong></span> 
     </span>
    </p>
   </div>
   <div class='ocr_carea' id='block_1_11' title="bbox 175 2839 1427 2935">
    <p class='ocr_par' dir='ltr' id='par_1_11' title="bbox 175 2839 1427 2935">
     <span class='ocr_line' id='line_1_22' title="bbox 175 2839 1427 2935; baseline 0 -26"><span class='ocrx_word' id='word_1_145' title='bbox 175 2864 236 2910; x_wconf 90' lang='lat' dir='ltr'><strong>cus</strong></span> <span class='ocrx_word' id='word_1_146' title='bbox 263 2849 331 2928; x_wconf 87' lang='lat' dir='ltr'><strong>est,</strong></span> <span class='ocrx_word' id='word_1_147' title='bbox 357 2839 416 2908; x_wconf 88' lang='lat' dir='ltr'><strong>ubi</strong></span> <span class='ocrx_word' id='word_1_148' title='bbox 442 2843 606 2910; x_wconf 87' lang='lat' dir='ltr'><strong>sententia</strong></span> <span class='ocrx_word' id='word_1_149' title='bbox 630 2843 827 2935; x_wconf 84' lang='lat' dir='ltr'><strong>principalis</strong></span> <span class='ocrx_word' id='word_1_150' title='bbox 853 2843 924 2910; x_wconf 89' lang='lat' dir='ltr'><strong>sine</strong></span> <span class='ocrx_word' id='word_1_151' title='bbox 948 2841 1137 2911; x_wconf 87' lang='lat' dir='ltr'><strong>conditione</strong></span> <span class='ocrx_word' id='word_1_152' title='bbox 1164 2852 1225 2929; x_wconf 78' lang='lat' dir='ltr'><strong>est,</strong></span> <span class='ocrx_word' id='word_1_153' title='bbox 1250 2854 1289 2912; x_wconf 89' lang='lat' dir='ltr'><strong>ut</strong></span> <span class='ocrx_word' id='word_1_154' title='bbox 1424 2904 1427 2909; x_wconf 88' lang='lat'>.</span> 
     </span>
    </p>
   </div>
   <div class='ocr_carea' id='block_1_12' title="bbox 146 2939 395 3045">
    <p class='ocr_par' dir='ltr' id='par_1_12' title="bbox 146 2939 395 3045">
     <span class='ocr_line' id='line_1_23' title="bbox 146 2939 395 3045; baseline -0.016 -31"><span class='ocrx_word' id='word_1_155' title='bbox 146 3040 148 3045; x_wconf 68' lang='lat'>,</span> <span class='ocrx_word' id='word_1_156' title='bbox 175 2942 246 3027; x_wconf 72' lang='lat' dir='ltr'><strong>od,</strong></span> <span class='ocrx_word' id='word_1_157' title='bbox 273 2971 307 3016; x_wconf 91' lang='grc' dir='ltr'><strong>τ.</strong></span> <span class='ocrx_word' id='word_1_158' title='bbox 334 2939 395 3011; x_wconf 79' lang='grc'><strong>25.</strong></span> 
     </span>
    </p>
   </div>
   <div class='ocr_carea' id='block_1_13' title="bbox 228 3073 1334 3183">
    <p class='ocr_par' dir='ltr' id='par_1_13' title="bbox 228 3073 1334 3183">
     <span class='ocr_line' id='line_1_24' title="bbox 228 3073 1334 3183; baseline 0.001 -29"><span class='ocrx_word' id='word_1_159' title='bbox 228 3073 350 3175; x_wconf 78' lang='grc' dir='ltr'><strong>δμωοῖς</strong></span> <span class='ocrx_word' id='word_1_160' title='bbox 376 3076 413 3155; x_wconf 80' lang='grc' dir='ltr'><strong>δ’</strong></span> <span class='ocrx_word' id='word_1_161' title='bbox 439 3075 504 3152; x_wconf 76' lang='grc' dir='ltr'><strong>οὐκ</strong></span> <span class='ocrx_word' id='word_1_162' title='bbox 532 3081 606 3164; x_wconf 79' lang='grc' dir='ltr'><strong><em>εἴας</em></strong></span> <span class='ocrx_word' id='word_1_163' title='bbox 630 3081 931 3178; x_wconf 80' lang='grc' dir='ltr'><strong><em>προβλωσκέμεν,</em></strong></span> <span class='ocrx_word' id='word_1_164' title='bbox 959 3087 1004 3152; x_wconf 83' lang='grc' dir='ltr'><strong>αἴ</strong></span> <span class='ocrx_word' id='word_1_165' title='bbox 1024 3108 1084 3183; x_wconf 82' lang='grc' dir='ltr'><strong><em>κεν</em></strong></span> <span class='ocrx_word' id='word_1_166' title='bbox 1103 3083 1266 3179; x_wconf 82' lang='grc' dir='ltr'><strong><em>ἔφαινον.</em></strong></span> <span class='ocrx_word' id='word_1_167' title='bbox 1324 3120 1334 3135; x_wconf 54' lang='grc' dir='ltr'><strong><em>ν</em></strong></span> 
     </span>
    </p>
   </div>
   <div class='ocr_carea' id='block_1_14' title="bbox 165 3229 1370 3838">
    <p class='ocr_par' dir='ltr' id='par_1_14' title="bbox 165 3229 1288 3510">
     <span class='ocr_line' id='line_1_25' title="bbox 180 3229 1288 3326; baseline 0.004 -26"><span class='ocrx_word' id='word_1_168' title='bbox 180 3229 264 3301; x_wconf 78' lang='lat' dir='ltr'><strong>Nora</strong></span> <span class='ocrx_word' id='word_1_169' title='bbox 289 3231 405 3302; x_wconf 77' lang='lat' dir='ltr'><strong>sivisti</strong></span> <span class='ocrx_word' id='word_1_170' title='bbox 431 3231 533 3300; x_wconf 80' lang='lat' dir='ltr'><strong>exire</strong></span> <span class='ocrx_word' id='word_1_171' title='bbox 559 3234 734 3320; x_wconf 83' lang='lat' dir='ltr'><strong>ancillas,</strong></span> <span class='ocrx_word' id='word_1_172' title='bbox 770 3255 883 3326; x_wconf 82' lang='lat' dir='ltr'><strong>qaae,</strong></span> <span class='ocrx_word' id='word_1_173' title='bbox 911 3233 938 3300; x_wconf 90' lang='lat' dir='ltr'><strong>si</strong></span> <span class='ocrx_word' id='word_1_174' title='bbox 964 3233 1136 3316; x_wconf 84' lang='lat' dir='ltr'><strong>exiissent,</strong></span> <span class='ocrx_word' id='word_1_175' title='bbox 1171 3235 1288 3303; x_wconf 87' lang='lat' dir='ltr'><strong>lacem</strong></span> 
     </span>
     <span class='ocr_line' id='line_1_26' title="bbox 165 3333 1287 3430; baseline 0 -25"><span class='ocrx_word' id='word_1_176' title='bbox 165 3334 330 3430; x_wconf 73' lang='lat' dir='ltr'><strong>fiderent</strong></span> <span class='ocrx_word' id='word_1_177' title='bbox 344 3333 600 3427; x_wconf 77' lang='lat' dir='ltr'><strong>praebiturae.</strong></span> <span class='ocrx_word' id='word_1_178' title='bbox 635 3337 742 3404; x_wconf 90' lang='lat' dir='ltr'><strong>Hic</strong></span> <span class='ocrx_word' id='word_1_179' title='bbox 716 3360 744 3405; x_wconf 80' lang='grc' dir='ltr'><strong>ιι</strong></span> <span class='ocrx_word' id='word_1_180' title='bbox 760 3336 923 3404; x_wconf 86' lang='lat' dir='ltr'><strong>omisisset</strong></span> <span class='ocrx_word' id='word_1_181' title='bbox 947 3337 1159 3428; x_wconf 86' lang='lat' dir='ltr'><strong>particulam,</strong></span> <span class='ocrx_word' id='word_1_182' title='bbox 1184 3357 1287 3429; x_wconf 88' lang='lat' dir='ltr'><strong>prae-</strong></span> 
     </span>
     <span class='ocr_line' id='line_1_27' title="bbox 175 3438 695 3510; baseline 0.004 -3"><span class='ocrx_word' id='word_1_183' title='bbox 175 3440 289 3507; x_wconf 87' lang='lat' dir='ltr'><strong>buisse</strong></span> <span class='ocrx_word' id='word_1_184' title='bbox 314 3438 387 3506; x_wconf 88' lang='lat' dir='ltr'><strong>illas</strong></span> <span class='ocrx_word' id='word_1_185' title='bbox 413 3439 526 3507; x_wconf 90' lang='lat' dir='ltr'><strong>lucem</strong></span> <span class='ocrx_word' id='word_1_186' title='bbox 552 3440 695 3510; x_wconf 84' lang='lat' dir='ltr'><strong>dixisset</strong></span> 
     </span>
    </p>

    <p class='ocr_par' dir='ltr' id='par_1_15' title="bbox 174 3538 1370 3838">
     <span class='ocr_line' id='line_1_28' title="bbox 277 3538 1288 3630; baseline 0 -22"><span class='ocrx_word' id='word_1_187' title='bbox 277 3542 463 3609; x_wconf 90' lang='lat' dir='ltr'><strong>Recentior</strong></span> <span class='ocrx_word' id='word_1_188' title='bbox 488 3564 568 3610; x_wconf 86' lang='lat' dir='ltr'><strong>usus</strong></span> <span class='ocrx_word' id='word_1_189' title='bbox 595 3566 636 3610; x_wconf 92' lang='lat' dir='ltr'><strong>eo</strong></span> <span class='ocrx_word' id='word_1_190' title='bbox 662 3549 792 3610; x_wconf 86' lang='lat' dir='ltr'><strong>tantum</strong></span> <span class='ocrx_word' id='word_1_191' title='bbox 818 3540 863 3607; x_wconf 94' lang='lat' dir='ltr'><strong>ab</strong></span> <span class='ocrx_word' id='word_1_192' title='bbox 897 3539 996 3630; x_wconf 90' lang='lat' dir='ltr'><strong>epico</strong></span> <span class='ocrx_word' id='word_1_193' title='bbox 1022 3538 1157 3626; x_wconf 81' lang='lat' dir='ltr'><strong>differt,</strong></span> <span class='ocrx_word' id='word_1_194' title='bbox 1194 3541 1288 3629; x_wconf 89' lang='lat' dir='ltr'><strong>quod</strong></span> 
     </span>
     <span class='ocr_line' id='line_1_29' title="bbox 174 3642 1370 3742; baseline 0 -32"><span class='ocrx_word' id='word_1_195' title='bbox 174 3643 428 3736; x_wconf 90' lang='lat' dir='ltr'><strong>particulam</strong></span> <span class='ocrx_word' id='word_1_196' title='bbox 403 3671 449 3715; x_wconf 88' lang='grc' dir='ltr'><strong><em>αν</em></strong></span> <span class='ocrx_word' id='word_1_197' title='bbox 475 3644 509 3711; x_wconf 89' lang='lat' dir='ltr'><strong>in</strong></span> <span class='ocrx_word' id='word_1_198' title='bbox 536 3645 734 3712; x_wconf 88' lang='lat' dir='ltr'><strong>secundaria</strong></span> <span class='ocrx_word' id='word_1_199' title='bbox 760 3643 920 3742; x_wconf 89' lang='lat' dir='ltr'><strong>sententia</strong></span> <span class='ocrx_word' id='word_1_200' title='bbox 945 3665 1013 3710; x_wconf 93' lang='lat' dir='ltr'><strong>non</strong></span> <span class='ocrx_word' id='word_1_201' title='bbox 1044 3642 1158 3726; x_wconf 84' lang='lat' dir='ltr'><strong>aliter,</strong></span> <span class='ocrx_word' id='word_1_202' title='bbox 1186 3666 1289 3733; x_wconf 91' lang='lat' dir='ltr'><strong>quam</strong></span> <span class='ocrx_word' id='word_1_203' title='bbox 1365 3731 1370 3738; x_wconf 89' lang='lat'><strong>.</strong></span> 
     </span>
     <span class='ocr_line' id='line_1_30' title="bbox 176 3744 1289 3838; baseline -0.002 -24"><span class='ocrx_word' id='word_1_204' title='bbox 176 3747 411 3827; x_wconf 85' lang='lat' dir='ltr'><strong>sinecessaria</strong></span> <span class='ocrx_word' id='word_1_205' title='bbox 431 3756 491 3831; x_wconf 83' lang='lat' dir='ltr'><strong>est,</strong></span> <span class='ocrx_word' id='word_1_206' title='bbox 519 3747 621 3818; x_wconf 86' lang='lat' dir='ltr'><strong>addit.</strong></span> <span class='ocrx_word' id='word_1_207' title='bbox 658 3749 871 3838; x_wconf 91' lang='lat' dir='ltr'><strong>Temporum</strong></span> <span class='ocrx_word' id='word_1_208' title='bbox 895 3745 980 3812; x_wconf 87' lang='lat' dir='ltr'><strong>ratio</strong></span> <span class='ocrx_word' id='word_1_209' title='bbox 1003 3744 1124 3812; x_wconf 89' lang='lat' dir='ltr'><strong>eadem</strong></span> <span class='ocrx_word' id='word_1_210' title='bbox 1143 3748 1201 3813; x_wconf 84' lang='lat' dir='ltr'><strong>est</strong></span> <span class='ocrx_word' id='word_1_211' title='bbox 1237 3748 1289 3814; x_wconf 84' lang='lat' dir='ltr'><strong>Ac</strong></span> 
     </span>
    </p>
   </div>
   <div class='ocr_carea' id='block_1_15' title="bbox 128 3847 1289 4046">
    <p class='ocr_par' dir='ltr' id='par_1_16' title="bbox 128 3847 1289 4046">
     <span class='ocr_line' id='line_1_31' title="bbox 128 3847 1289 3941; baseline -0.006 -18"><span class='ocrx_word' id='word_1_212' title='bbox 128 3918 130 3923; x_wconf 90' lang='lat'><em>.</em></span> <span class='ocrx_word' id='word_1_213' title='bbox 174 3850 287 3941; x_wconf 85' lang='lat' dir='ltr'><strong>primo</strong></span> <span class='ocrx_word' id='word_1_214' title='bbox 306 3849 543 3940; x_wconf 86' lang='lat' dir='ltr'><strong>imperfectum</strong></span> <span class='ocrx_word' id='word_1_215' title='bbox 562 3852 764 3941; x_wconf 89' lang='lat' dir='ltr'><strong>plerumque</strong></span> <span class='ocrx_word' id='word_1_216' title='bbox 783 3850 927 3918; x_wconf 85' lang='lat' dir='ltr'><strong>refertur</strong></span> <span class='ocrx_word' id='word_1_217' title='bbox 948 3847 993 3914; x_wconf 92' lang='lat' dir='ltr'><strong>ad</strong></span> <span class='ocrx_word' id='word_1_218' title='bbox 1014 3870 1183 3938; x_wconf 84' lang='lat' dir='ltr'><strong>praesens.</strong></span> <span class='ocrx_word' id='word_1_219' title='bbox 1209 3850 1289 3919; x_wconf 87' lang='lat' dir='ltr'><strong>Ari-</strong></span> 
     </span>
     <span class='ocr_line' id='line_1_32' title="bbox 176 3947 524 4046; baseline -0.009 -26"><span class='ocrx_word' id='word_1_220' title='bbox 176 3952 289 4046; x_wconf 81' lang='lat' dir='ltr'><strong>stoph.</strong></span> <span class='ocrx_word' id='word_1_221' title='bbox 316 3953 411 4021; x_wconf 88' lang='lat' dir='ltr'><strong>Eccl.</strong></span> <span class='ocrx_word' id='word_1_222' title='bbox 438 3947 524 4020; x_wconf 89' lang='grc'><strong>151.</strong></span> 
     </span>
    </p>
   </div>
   <div class='ocr_carea' id='block_1_16' title="bbox 228 4067 1106 4368">
    <p class='ocr_par' dir='ltr' id='par_1_17' title="bbox 228 4067 1089 4368">
     <span class='ocr_line' id='line_1_33' title="bbox 229 4067 1030 4212; baseline -0.009 -51"><span class='ocrx_word' id='word_1_223' title='bbox 229 4067 433 4212; x_wconf 74' lang='grc' dir='ltr'><strong><em>ἐβουλόμην</em></strong></span> <span class='ocrx_word' id='word_1_224' title='bbox 458 4088 528 4182; x_wconf 81' lang='grc' dir='ltr'><strong><em>μέν</em></strong></span> <span class='ocrx_word' id='word_1_225' title='bbox 554 4093 681 4185; x_wconf 67' lang='grc' dir='ltr'><strong><em>ἕτερον</em></strong></span> <span class='ocrx_word' id='word_1_226' title='bbox 698 4085 754 4161; x_wconf 81' lang='grc' dir='ltr'><strong><em>οἷν</em></strong></span> <span class='ocrx_word' id='word_1_227' title='bbox 781 4114 853 4160; x_wconf 91' lang='grc' dir='ltr'><strong><em>των</em></strong></span> <span class='ocrx_word' id='word_1_228' title='bbox 880 4077 1030 4182; x_wconf 77' lang='grc' dir='ltr'><strong><em>η’θοέδων</em></strong></span> 
     </span>
     <span class='ocr_line' id='line_1_34' title="bbox 228 4183 1106 4286; baseline -0.008 -22"><span class='ocrx_word' id='word_1_229' title='bbox 228 4191 343 4283; x_wconf 79' lang='grc' dir='ltr'><strong><em>λέγειν</em></strong></span> <span class='ocrx_word' id='word_1_230' title='bbox 369 4185 418 4265; x_wconf 74' lang='grc' dir='ltr'><strong>τοὶ</strong></span> <span class='ocrx_word' id='word_1_231' title='bbox 442 4188 634 4285; x_wconf 75' lang='grc' dir='ltr'><strong><em>βέλτισθ,</em></strong></span> <span class='ocrx_word' id='word_1_232' title='bbox 663 4197 699 4262; x_wconf 84' lang='grc' dir='ltr'><strong><em>ἴν</em></strong></span> <span class='ocrx_word' id='word_1_233' title='bbox 705 4185 931 4286; x_wconf 78' lang='grc' dir='ltr'><strong><em>ἐκαθήμην</em></strong></span> <span class='ocrx_word' id='word_1_234' title='bbox 957 4183 1106 4284; x_wconf 79' lang='grc' dir='ltr'><strong><em>ἥσυχος</em></strong></span> 
     </span>
     <span class='ocr_line' id='line_1_35' title="bbox 229 4286 583 4368; baseline 0.009 -4"><span class='ocrx_word' id='word_1_235' title='bbox 229 4292 295 4365; x_wconf 80' lang='grc' dir='ltr'><strong>νῦν</strong></span> <span class='ocrx_word' id='word_1_236' title='bbox 324 4289 360 4367; x_wconf 79' lang='grc' dir='ltr'><strong>δ’</strong></span> <span class='ocrx_word' id='word_1_237' title='bbox 387 4291 452 4367; x_wconf 78' lang='grc' dir='ltr'><strong>οὐκ</strong></span> <span class='ocrx_word' id='word_1_238' title='bbox 479 4286 583 4368; x_wconf 74' lang='grc' dir='ltr'><strong><em>ἐάσω.</em></strong></span> 
     </span>
    </p>
   </div>
   <div class='ocr_carea' id='block_1_17' title="bbox 228 4389 1098 4485">
    <p class='ocr_par' dir='ltr' id='par_1_18' title="bbox 228 4389 1098 4485">
     <span class='ocr_line' id='line_1_36' title="bbox 228 4389 1098 4485; baseline 0.003 -4"><span class='ocrx_word' id='word_1_239' title='bbox 228 4389 352 4481; x_wconf 84' lang='lat' dir='ltr'><strong>Hnnrr.</strong></span> <span class='ocrx_word' id='word_1_240' title='bbox 374 4411 442 4485; x_wconf 79' lang='lat'>01³.</span> <span class='ocrx_word' id='word_1_241' title='bbox 467 4412 526 4482; x_wconf 86' lang='lat' dir='ltr'><strong>lv.</strong></span> <span class='ocrx_word' id='word_1_242' title='bbox 1054 4406 1098 4473; x_wconf 65' lang='lat' dir='ltr'><strong>ll</strong></span> 
     </span>
    </p>
   </div>
   <div class='ocr_carea' id='block_1_18' title="bbox 0 0 1472 4890">
    <p class='ocr_par' dir='ltr' id='par_1_19' title="bbox 0 0 1472 4890">
     <span class='ocr_line' id='line_1_37' title="bbox 0 0 1472 4890; baseline 0 0"><span class='ocrx_word' id='word_1_243' title='bbox 0 0 1472 4890; x_wconf 95' lang='lat' dir='ltr'><strong> </strong></span> 
     </span>
    </p>
   </div>
  </div>
 </body>
</html>
