2918 4890
278 305 327 364 os
347 304 685 368 mscmrrlosmvs
705 292 932 381 ersvsusn
946 306 1120 395 annosus.
1184 314 1250 377 κιο

147 494 274 582 ἔμεναι
298 492 390 562 euim
418 493 607 588 lapicidae
629 492 775 579 deberi,
810 495 888 587 qui,
920 497 1019 587 qood
1039 499 1250 590 saepissime

135 596 304 689 sactum,
318 594 490 689 sormam
500 597 705 692 pleniorem
719 619 795 690 pro
814 599 939 667 ultera
949 601 1129 692 posuerit.
1171 603 1247 675 Ne-

86 728 88 735 ’
146 700 223 768 scio
246 708 368 770 tumen
395 724 446 769 an
464 701 602 796 positio
622 700 693 771 boc
714 703 824 770 modo
843 703 1020 796 neglectu
1044 700 1248 777 barborum

122 803 324 894 'bominem
354 805 458 874 houd
484 805 603 874 minas
632 806 777 898 produt
809 828 919 898 quum
949 805 1148 902 infinitivus
1174 833 1248 880 non

147 906 325 976 Graecus.

248 1010 348 1078 Talia
366 1008 504 1101 quidem
525 1033 562 1078 se
586 1010 662 1103 ipsa
686 1011 848 1096 refutant,
874 1011 1063 1101 mirumque
1083 1021 1154 1101 est,
1183 1015 1229 1084 ad

92 1143 98 1157 ·
146 1113 224 1182 duci
243 1135 448 1203 quemquam
464 1134 584 1204 posse,
609 1123 666 1200 ut,
694 1136 763 1204 quo
786 1114 1010 1182 barbarismos
1030 1115 1174 1186 maxime
1194 1119 1247 1187 iu·

143 1215 274 1285 auditos
306 1225 455 1299 tueatur,
495 1217 696 1306 scriptorem
724 1217 904 1286 contendat
928 1216 1029 1286 fuisse
1054 1218 1246 1306 barbarum

143 1320 248 1410 idque
258 1320 293 1386 in
309 1320 406 1405 loco,
431 1319 466 1387 in
477 1341 579 1408 quem
598 1320 673 1387 satis
696 1329 768 1388 erut
782 1322 898 1389 oculos
916 1321 1092 1412 conicere,
1118 1335 1156 1391 nt
1171 1325 1244 1414 quis

142 1423 177 1491 in
210 1446 277 1490 una
310 1423 400 1490 mals
432 1423 557 1513 scripta
588 1423 696 1492 littera
725 1427 761 1497 Υ
788 1433 988 1515 agnosceret
1021 1427 1061 1497 T.
1120 1426 1245 1497 Versus

142 1525 210 1594 hoc
233 1525 392 1594 sonabat:

271 1674 345 1750 ἀλλ’
371 1677 394 1752 ὃ
418 1679 487 1774 μὲν
523 1669 624 1771 iyydc
658 1676 742 1774 ἔτλη
776 1677 836 1749 uui
854 1669 1050 1800 1,στήμεναι
1085 1674 1242 1753 κάπιδα-

802 1806 943 1876 κρυσαι.
991 1789 1005 1809 “
1169 1790 1172 1796 “

251 1931 289 2002 V.
304 1931 341 2023 8,
358 1931 445 2024 (ls)
471 1930 791 2006 AEICAJAAX
841 1930 942 2000 Fort.
970 1925 1119 2030 δάκρυα.

243 2037 341 2126 Hoc,
372 2035 643 2124 necquidquam
664 2034 827 2124 amplius,
853 2033 1051 2103 wolckerus
1075 2034 1119 2105 de
1140 2039 1246 2107 tribus

89 2126 92 2132 ¹
141 2139 320 2232 postremis
349 2137 448 2207 huius
477 2137 588 2205 lateris
616 2136 775 2229 versibus.
834 2136 882 2204 At
903 2136 984 2226 quid
1007 2138 1148 2228 prodest
1176 2141 1245 2210 hoo

142 2236 300 2336 δάκρυα,
333 2240 428 2330 quod
451 2262 492 2308 ex
515 2239 630 2308 litteris
650 2262 738 2328 quae
761 2238 897 2308 ultimae
918 2247 993 2309 sunt
1014 2241 1128 2315 ΤΑΧ
1145 2244 1244 2331 elicit,

141 2345 203 2413 nisi
225 2343 427 2421 ostenditur,
454 2341 629 2432 quomodo
646 2341 714 2410 hoc
732 2342 936 2411 vocabulum
957 2342 1038 2412 hnic
1057 2344 1135 2413 loco
1161 2369 1245 2415 con-

141 2447 277 2515 veniat?
303 2446 414 2514 Multa
426 2455 502 2515 sunt
514 2445 698 2528 vocabula,
720 2467 863 2534 quornm
879 2445 1020 2538 vestigia
1035 2448 1111 2539 pari
1124 2448 1196 2518 inre
1209 2451 1244 2518 in
1390 2459 1393 2465 “

140 2549 193 2618 his
209 2549 325 2618 litteris
340 2549 480 2619 inveniri
496 2557 650 2640 possuntt
674 2547 736 2618 sed
748 2547 914 2638 quidquid
929 2550 978 2618 sic
990 2557 1118 2619 umere
1129 2560 1163 2620 et
1173 2554 1244 2622 sino

140 2653 264 2722 idonea
277 2675 394 2721 caussa
416 2651 609 2736 coniicitur,
634 2651 740 2720 inanis
759 2651 850 2720 lusus
867 2660 935 2737 est,
960 2653 1155 2743 nullamque
1177 2656 1246 2724 uti·

139 2757 267 2825 litatem
283 2754 392 2825 affort.
443 2753 658 2839 Welckerns,
683 2755 818 2823 lacunas
835 2753 892 2822 hic
906 2777 978 2824 essa
988 2764 1122 2847 putans,
1142 2780 1245 2846 quam

140 2882 262 2928 vanam
284 2859 477 2950 opinionem
497 2876 571 2926 esso
595 2880 699 2950 supra
718 2855 943 2945 ostendimus,
966 2857 1158 2950 fragmenta
1176 2882 1244 2953 po-

141 2964 206 3031 suit
218 2963 317 3031 trium
330 2983 504 3030 versuum:

307 3110 412 3186 τοῦδ’
428 3115 462 3184 εἰ
486 3140 507 3185 υ
561 3163 1005 3185 ........

216 3216 327 3314 μηδὲν
352 3225 531 3312 adpossem
565 3265 574 3282 .
606 3311 608 3314 Α
628 3264 1005 3286 .......

307 3367 316 3384 .
370 3371 378 3388 .
432 3373 440 3390 .
493 3367 502 3386 .
555 3315 883 3408 μὲνδέξαιδαχ.
936 3367 945 3384 .
998 3368 1007 3385 .

139 3470 186 3538 At
200 3470 394 3537 lacunarum
407 3467 534 3535 nubum
552 3490 625 3536 esse
640 3467 818 3559 vestigium
834 3468 993 3538 vidimusz
1019 3488 1061 3539 ex
1078 3491 1146 3560 quo
1160 3492 1244 3539 con-

141 3573 309 3662 sequitur,
350 3571 475 3639 litteras
501 3593 589 3658 quae
612 3593 644 3638 v.
670 3570 729 3638 Π.
769 3579 849 3662 post
887 3574 1123 3666 ἐπιδακρῦσαι
1156 3581 1243 3659 sunt,

141 3698 244 3744 unum
264 3675 434 3744 continere
459 3682 726 3764 pentametrum,
748 3696 858 3764 eoque
881 3675 969 3743 finiri
988 3675 1055 3744 hoo
1069 3677 1244 3767 epigram-

139 3801 205 3848 ma.
263 3779 301 3847 ln
325 3776 516 3846 huiusmodi
549 3777 698 3846 obscuris
729 3786 764 3847 st
789 3777 988 3847 divinatione
1016 3777 1242 3870 indigentibus
1283 3790 1286 3795 '

138 3882 222 3950 locis
244 3891 322 3951 nuto
345 3881 457 3951 omnia
475 3879 727 3970 quaerendum,
753 3903 854 3970 quam
869 3881 1064 3950 sententiam
1081 3883 1114 3949 in
1132 3880 1243 3951 verbis
1349 3882 1362 3901 ⁸

138 3985 243 4053 latere
264 3992 429 4076 oporteat
481 3982 522 4051 ld
542 3984 588 4052 ibi
604 3982 838 4053 difficillimum
853 3993 921 4071 est,
948 3984 1005 4052 ubi
1022 3985 1113 4053 nulla
1128 4008 1243 4078 appa-

137 4096 191 4156 ret
204 4088 402 4172 necessitas,
428 4109 516 4176 quae
539 4085 607 4155 hoc
628 4088 859 4180 potiusquam
879 4087 1068 4176 aliudqnid
1089 4087 1154 4156 diui
1176 4075 1245 4180 'poss
1328 4120 1333 4135 ·

138 4191 247 4261 stulet.
310 4191 423 4275 Quam
448 4190 494 4257 ob
521 4212 593 4257 rem
616 4191 650 4259 in
679 4191 739 4259 tali
767 4213 885 4260 caussa
913 4188 1117 4280 videndum,
1155 4213 1243 4280 quas

137 4293 310 4385 potuerint
334 4293 418 4384 dici,
434 4325 437 4330 ·
453 4315 495 4361 ex
511 4292 617 4383 iisque
642 4292 837 4386 eligendum
860 4291 962 4380 illud,
998 4295 1092 4384 quod
1113 4315 1243 4379 verum,
