2918 4890
541 264 624 325 ΗΒ.
647 264 670 328 l.
711 265 809 328 CAP.
832 269 883 332 12.
1240 273 1285 339 59

167 455 359 551 particulae
381 454 587 540 adiectione,
621 464 656 524 et
675 455 738 524 nisi
758 478 912 548 semper,
944 465 1058 526 tamen
1080 459 1283 551 plerumque

171 585 216 629 ea
227 583 354 630 carcre.
407 558 485 630 vid.
498 557 665 627 Matthiae
685 582 737 651 gr.
753 559 817 634 Gr.
832 555 870 653 §
886 556 974 633 510.
988 559 1024 628 o.
1051 570 1086 629 et
1101 587 1202 652 quem
1226 567 1282 635 ille

169 664 290 732 laudat
298 662 524 732 Schaeferum
535 661 655 735 Melet.
671 687 718 735 cr.
731 686 768 755 p.
782 662 869 736 13⁰.
884 687 956 753 seq.
971 664 1015 732 de
1029 666 1118 761 χρῆν
1133 677 1167 734 et
1177 669 1281 758 ἔμελ-

170 771 238 838 λον
261 767 488 835 disserentem.
540 767 620 833 Non
640 775 768 835 temere
788 765 857 834 hoc
871 767 958 853 fieri,
985 768 1125 837 sensisse
1149 770 1282 839 videtur

170 868 340 938 Matthiae
361 864 400 964 ἕ.
422 867 510 941 5⁰8.
535 878 605 941 not.
628 868 664 942 l.
681 869 743 938 sed
759 868 909 938 debebat
932 894 1007 938 eam
1023 871 1186 940 rationem
1202 898 1281 941 am-

170 975 263 1065 plius
277 975 458 1065 persequi,
483 971 682 1064 praesertim
702 996 807 1063 quum
826 973 872 1040 ita
887 974 1029 1066 simplex
1046 985 1081 1043 et
1103 977 1206 1067 plana
1230 979 1282 1063 sit,

171 1086 213 1144 ut
224 1099 295 1143 non
306 1076 413 1168 possit
426 1099 495 1144 non
509 1077 620 1143 statim
637 1078 740 1154 cuivis
756 1099 935 1167 apparere.
985 1079 1107 1167 Neque
1121 1081 1210 1149 enim
1227 1082 1281 1148 ul-

171 1180 246 1247 lum
266 1181 400 1248 illorum
422 1179 605 1246 verborum
633 1189 699 1266 est,
734 1180 828 1269 quod
845 1203 914 1247 non
934 1190 992 1249 aut
1012 1204 1115 1272 saepe
1136 1194 1195 1250 aut
1218 1185 1281 1252 ali·

170 1283 312 1373 quando
327 1291 418 1351 certe
432 1282 632 1375 particulam
646 1281 691 1354 ἄν
703 1291 772 1350 tarn
793 1285 979 1352 necessario
993 1286 1152 1374 requirat,
1180 1310 1281 1376 quam

172 1386 253 1454 alibi
269 1386 502 1478 adspernetur.
555 1388 645 1454 Nam
666 1387 870 1477 ubicumque
890 1387 1035 1478 aliquid,
1065 1389 1160 1478 quod
1182 1392 1282 1459 etiam

171 1491 244 1558 sine
262 1490 453 1558 conditione
478 1510 595 1558 verum
616 1498 685 1577 est,
713 1500 1012 1577 commemoratur,
1038 1492 1157 1562 abesse
1180 1493 1283 1564 debet

168 1594 360 1687 particular
394 1595 452 1662 ubi
477 1602 591 1662 autem
617 1594 743 1683 aliquid
768 1595 997 1680 nominamus,
1031 1597 1127 1685 quod
1153 1598 1283 1668 nonnisi

173 1707 269 1765 certa
284 1696 476 1766 conditione
489 1720 609 1766 verum
627 1706 694 1784 est,
719 1701 908 1767 necessaria
926 1709 977 1769 est
988 1700 1173 1790 particulae
1187 1701 1296 1771 adie-.
1376 1746 1393 1787 .·

172 1802 252 1869 ctio.
305 1801 505 1893 intelligitur
517 1801 554 1891 id
574 1810 687 1870 autem
707 1825 750 1871 ex
764 1804 934 1894 opposito.
985 1804 1078 1871 Nam
1099 1805 1193 1894 quod
1211 1807 1282 1876 sine

172 1903 367 1972 conditione
387 1927 506 1973 verum
528 1913 596 1996 est,
623 1906 654 1974 ei
677 1907 842 1974 nonlicet
862 1907 1010 1998 opponi,
1035 1929 1103 1974 non
1123 1931 1198 1977 esse
1221 1933 1280 1979 ve-

169 2030 265 2076 rum:
292 2007 386 2098 quod
400 2017 514 2076 antem
528 2018 620 2078 certa
632 2017 760 2077 tanturn
774 2008 966 2078 conditione
979 2017 1039 2095 est,
1066 2011 1098 2077 ei
1109 2021 1201 2081 recte
1217 2035 1283 2105 op-

169 2133 300 2203 poneS,
337 2134 405 2180 non
435 2135 528 2199 esse,
570 2113 701 2181 sublata
732 2113 932 2185 conditione.
983 2113 1175 2183 Declarabo
1208 2138 1282 2184 rem

171 2215 348 2308 exemplis
400 2213 593 2309 Sophocles
609 2217 664 2284 El.
684 2212 796 2284 1505.

275 2417 367 2516 χρῆν
393 2415 430 2492 d
457 2414 567 2501 sidric
593 2416 688 2494 εἶναι
713 2413 823 2519 τήνδε
847 2426 924 2502 τοῖς
949 2419 1061 2495 πᾶσιν
1088 2419 1198 2522 δίκην,

275 2519 371 2604 dcccc
395 2524 488 2621 πέρα
512 2517 692 2645 πράσσειν
717 2552 769 2647 7⁸.
784 2524 857 2599 τοῖν
883 2519 1006 2618 νόμων
1031 2523 1157 2620 θέλοι,

275 2619 523 2700 accinerati
548 2620 618 2725 νοῖρ
641 2627 856 2726 πανοῦργον
883 2625 948 2702 otiu
975 2627 1021 2701 ἄν
1047 2624 1092 2725 ἦν
1117 2624 1222 2704 πολύ.

178 2825 283 2926 Χρῆν
304 2829 402 2917 dicit,
436 2832 516 2921 quia
545 2839 704 2924 oportere
726 2831 900 2902 indicat
875 2857 947 2902 srne
973 2833 1182 2904 conditione.
1218 2858 1283 2904 nec

170 2940 287 3025 potest
304 2935 452 3024 opponi,
486 2930 568 3009 ἀλλ’
589 2930 633 3007 οὐ
656 2929 725 3033 χρή
732 2959 743 3004 e
775 2939 902 3005 namsi
924 2946 1074 3028 oportet,
1109 2939 1282 3029 quomodo

171 3043 287 3128 potest
299 3059 369 3104 non
381 3038 569 3128 oportere?
592 3038 640 3106 At
654 3062 723 3106 non
740 3043 851 3109 omnia
867 3043 963 3128 liunt,
988 3065 1076 3132 quae
1092 3043 1282 3134 oportebat

131 3154 134 3170 ¹
171 3139 292 3228 ltaque
312 3139 406 3230 quod
429 3162 607 3233 opponere
631 3150 747 3264 potes,
774 3145 866 3214 aliud
881 3154 955 3247 est.
989 3141 1074 3217 oili
1102 3141 1167 3218 οὐκ
1192 3148 1280 3221 ἔστι.

168 3241 303 3310 Contra
326 3265 395 3312 non
413 3243 512 3333 dicit,
533 3237 581 3317 τό
596 3271 666 3341 γαρ
689 3247 898 3343 πανοῦργον
917 3243 982 3321 οὐκ
1007 3243 1052 3343 ἦν
1074 3241 1192 3328 πολύ,
1219 3249 1282 3316 sed

173 3338 269 3412 addit
286 3347 497 3436 particulam.
549 3348 639 3415 Nam
660 3349 717 3416 illa
735 3358 864 3420 tanturn
878 3351 1068 3420 conditione
1085 3375 1154 3419 non
1170 3352 1282 3419 forent

172 3447 271 3516 multi
286 3450 415 3524 nefarii.
467 3449 590 3542 Atqui,
617 3453 778 3570 quianon
798 3463 905 3522 exstat
918 3455 973 3524 lex
986 3454 1061 3542 illa,
1088 3462 1164 3522 sunt
1177 3455 1281 3522 multi.

172 3551 499 3645 Itaqueoppositum
512 3563 582 3639 est,
609 3549 727 3628 a’ll’*
705 3583 785 3631 εστι
797 3551 901 3632 πολιν
953 3557 1026 3626 lam
1047 3557 1146 3626 facile
1160 3558 1282 3625 intelli·
1372 3574 1377 3651 j

173 3663 308 3746 getur,
324 3679 384 3724 cur
409 3681 451 3725 ca
470 3657 682 3750 potissimrun
700 3660 823 3750 verba,
858 3684 946 3753 quae
970 3663 1027 3730 vel
1051 3662 1283 3730 necessitatem

172 3758 321 3847 aliquam
348 3760 555 3852 significant,
594 3769 633 3829 ut
661 3759 797 3859 ὤφελε,
831 3765 960 3893 ἐχρῆν,
991 3765 1084 3852 ἔδει,
1117 3767 1282 3885 apocrisia,

172 3862 229 3929 vel
243 3862 435 3932 libertatem
456 3864 620 3953 faciendi,
646 3875 683 3934 ut
705 3865 801 3962 ἐξῆν,
829 3868 935 3965 ἐνῆν,
919 3867 1010 3947 ,vel
1029 3869 1203 3937 veritatem
1223 3870 1283 3955 rei,

172 3959 251 4030 ul
227 3990 292 4060 ην,
319 3967 483 4060 ἔμελλον,
510 3969 704 4060 saepissime
719 3980 854 4039 careant
873 3971 1058 4063 particulae
1080 3973 1281 4042 accessione.

173 4067 368 4158 Numquae
389 4071 464 4139 fieri
479 4080 632 4164 oportet,
665 4074 719 4142 vel
742 4075 839 4165 licet,
866 4076 921 4145 vel
943 4098 1031 4166 quae
1052 4084 1128 4146 sunt
1151 4084 1209 4143 aut
1230 4075 1281 4142 fu·

173 4177 249 4239 tura
271 4182 364 4261 sunt,
396 4175 599 4268 plerumque
621 4175 816 4270 simpliciter
839 4180 1013 4251 veritatem
1032 4182 1083 4252 rei
1104 4178 1283 4266 continent,
