2918 4890
444 248 939 365 'oissnnrarro
1190 276 1256 343 aar
1351 224 1360 236 ⁴

150 458 226 526 dice
250 458 456 550 cogitarunt,
483 480 543 526 cur
565 479 632 526 non
660 455 830 546 dixerunt,
857 434 1154 552 comprehendisse
1175 486 1252 533 eum

149 584 265 629 omnes
281 562 380 629 totius
393 562 547 654 trilogiae
563 571 739 652 personas,
764 562 1055 653 praemissumque
1068 564 1253 659 fuissepri·
1304 605 1307 610 f
1338 640 1342 648 „

148 687 224 732 mae
240 664 454 757 tragoediae:
479 664 569 751 inde,
582 686 693 754 ·-quum
706 666 889 757 separatim
904 665 1152 736 describeretur
1163 670 1252 738 Pro-

147 767 301 835 metheus
317 769 473 851 Vinctus,
500 767 725 860 negligentius
746 769 926 859 repetitum
946 793 1039 853 esse,
1065 793 1134 839 uon
1155 771 1251 841 dele-

147 870 187 960 tis
210 871 382 956 omnibus,
416 894 503 959 quae
527 869 712 938 omittenda
734 870 892 959 fuissent,
927 873 1142 942 nominibus?
1178 875 1251 944 Sed

146 984 264 1064 patere
280 975 434 1062 arbitror,
459 973 528 1041 hoc
544 994 680 1063 quoque
698 996 799 1063 quarn
818 973 929 1066 exigui
945 998 985 1042 ac
999 977 1111 1066 potius
1128 968 1249 1046 nullius

146 1077 187 1144 sit
198 1075 366 1168 ponderis.
419 1077 495 1144 Alia
513 1077 619 1144 sciens
634 1086 823 1168 praetereo,
847 1088 885 1144 ut
900 1077 944 1144 de
961 1079 1081 1168 quibus
1103 1081 1181 1148 alibi
1196 1082 1250 1148 di-

144 1181 260 1246 xerim.
313 1181 434 1268 Neque
451 1201 536 1270 opus
559 1188 628 1266 est,
655 1174 742 1269 quae
762 1188 943 1271 utcumque
964 1181 1106 1250 defensa
1127 1207 1191 1274 per
1213 1207 1251 1254 se

129 1282 268 1349 'cadere
284 1305 423 1351 necesse
438 1291 505 1369 est,
530 1282 651 1350 iterum
664 1283 822 1354 refutare.

248 1385 396 1454 Tantmn
412 1387 507 1454 abest
520 1386 638 1478 igitur,
664 1395 701 1453 ut
719 1385 984 1452 demonstratum
997 1386 1048 1472 sit,
1074 1394 1141 1454 tres
1159 1387 1248 1455 Pro·

143 1486 297 1556 metheos
318 1511 385 1557 una
404 1488 504 1556 fuisse
524 1488 659 1581 trilogia
682 1489 891 1574 coniunctos,
917 1496 955 1554 ut
976 1488 1012 1555 id
1029 1488 1083 1556 vel
1104 1490 1248 1558 maxime

144 1591 284 1659 dubium
299 1615 435 1661 manere
448 1592 609 1662 videatur.
659 1591 706 1658 Et
721 1591 793 1681 quis
807 1613 874 1658 non
888 1590 1037 1678 miretur,
1065 1592 1158 1682 quod
1170 1595 1247 1661 nul·
1362 1652 1364 1657 .

141 1694 193 1761 lus
209 1694 353 1786 scriptor
367 1692 642 1763 Prometheidem
657 1692 819 1784 Aeschyli
833 1682 1055 1762 memoravit?
1070 1693 1205 1763 Etenim
1220 1690 1247 1764 si

110 1824 112 1830 ·
141 1797 367 1889 Agamemno,
383 1795 593 1888 Choephori,
605 1796 809 1865 Eumenides
824 1795 1247 1866 nomenhabueruntOre-

142 1900 526 1991 steae3‘Edoniautem,
552 1895 759 1984 Bassarides,
784 1899 951 1983 Neanisci,
978 1921 1055 1967 cunr
1070 1901 1246 1994 Lycurgo,

140 2002 351 2095 Lycurgiaer
377 2004 483 2071 multo
498 2002 606 2093 magis
623 2012 883 2072 consentaneum
904 2011 991 2088 erat,
1017 2011 1085 2070 tres
1101 2004 1245 2093 fabulas,

130 2129 228 2194 'quae
249 2129 364 2174 omnes
389 2114 500 2174 essent
515 2104 710 2173 Promethei
723 2104 855 2173 nomine
877 2105 1075 2196 inscriptae,
1101 2106 1246 2181 Prome·
1328 2102 1332 2111 ’

139 2208 289 2277 theidem
310 2231 382 2277 esse
398 2208 615 2300 appellatam.
667 2208 738 2277 Sed
756 2228 836 2274 casu
851 2207 977 2274 factum
993 2207 1123 2289 dicent,
1150 2209 1246 2299 quod

139 2310 224 2378 illud
250 2335 375 2378 nomen
402 2334 470 2379 non
497 2310 672 2378 invenitur.
723 2309 898 2378 Fortasse:
927 2311 1033 2399 modo
1062 2312 1163 2379 fuerit
1188 2313 1246 2380 illa

138 2415 360 2482 Prometheis.
396 2414 444 2481 At
459 2414 627 2482 fateantur
643 2421 755 2480 tamen
772 2429 908 2480 necesse
925 2421 984 2498 est,
1016 2413 1043 2481 si
1057 2415 1149 2481 nulla
1170 2415 1244 2500 fuit,

139 2540 207 2585 non
221 2516 408 2584 mirandum
418 2540 502 2601 esse,
519 2515 611 2605 quod
627 2540 669 2584 ne
685 2538 810 2583 nomen
819 2515 956 2605 quidem
973 2529 1023 2584 est
1037 2527 1242 2608 usurpatum.

241 2620 385 2689 Accedit
399 2620 502 2694 aliud.
530 2619 635 2704 Quod
645 2619 801 2712 Hyginus
812 2618 942 2709 scripsit
955 2620 989 2685 in
1003 2619 1098 2687 Poet.
1108 2622 1240 2690 Astron.

137 2723 182 2795 ll.
201 2719 262 2796 15.
279 2747 314 2816 p.
331 2720 418 2791 456.
446 2723 703 2792 Prometheum
725 2721 901 2790 antemio
921 2730 1041 2789 monte
1057 2721 1269 2814 Scythiae?
1350 2765 1356 2779 ·

137 2828 279 2896 nomine
296 2826 465 2896 Caucaso
471 2825 610 2920 ferrea
622 2834 757 2894 catena
773 2823 908 2892 vinxit:
925 2846 1028 2915 quem
1042 2825 1253 2918 alligatione=

139 2931 192 2999 ad
214 2930 374 3024 triginta
396 2929 514 2999 naillia
534 2951 713 2998 annornm
729 2927 937 3019 Aeschylus
954 2930 1242 3020 tragoediarum

138 3035 300 3126 scriptor
316 3033 380 3120 ait,
398 3033 434 3101 id
444 3034 488 3102 ad
502 3032 744 3102 Prometheum
755 3030 941 3123 lgniferum
953 3030 1122 3121 pertinere
1140 3032 1241 3101 scho-

137 3136 248 3204 liastes
276 3137 321 3204 ad
346 3137 459 3205 Vincti
482 3160 513 3205 v.
540 3135 601 3204 94.
628 3143 809 3203 monstrat:
835 3137 874 3206 ἐν
894 3127 963 3225 γάρ
989 3131 1043 3226 τῷ
1065 3127 1240 3230 πυρφὸρῳ

137 3243 234 3332 τρεῖς
248 3233 428 3332 μυριάδας
449 3237 534 3337 φησὶ
551 3241 721 3312 δεδέσθαι
745 3228 871 3308 αὐτόν.
923 3235 1037 3319 Haec,
1064 3237 1091 3304 si
1113 3238 1241 3329 lgnifer

137 3363 216 3431 pars
238 3339 393 3431 trilogiae
412 3340 491 3428 fuit,
517 3351 636 3433 aperte
661 3346 852 3430 repugnant
871 3338 931 3420 iis,
956 3361 1044 3427 quae
1067 3339 1100 3406 in
1119 3340 1240 3407 Vincto

138 3443 218 3510 dicit
237 3441 476 3527 Prometheus,
502 3445 600 3513 tertia
622 3442 753 3509 decima
773 3440 948 3508 hominum
968 3442 1184 3534 generatione
1204 3466 1241 3510 se

137 3546 282 3614 solutum
302 3569 321 3613 e
343 3545 481 3613 vinculis
503 3547 560 3632 iri,
587 3546 645 3634 qui
662 3553 739 3612 sunt
753 3543 829 3610 anni
847 3542 977 3611 circiter
995 3539 1238 3636 quadringenti.
1346 3629 1351 3640 ,

137 3649 218 3717 Scio
244 3649 375 3716 duobus
402 3648 513 3716 modis
535 3648 701 3724 removeri
726 3646 814 3714 hanc
838 3648 1095 3739 repugnantiam
1117 3646 1260 3738 posse:'

136 3775 221 3835 uno,
248 3753 275 3819 si
300 3753 429 3820 finitum
450 3775 626 3819 numerum
647 3774 713 3843 pro
732 3749 859 3818 infinito
883 3744 1088 3816 norninatum
1112 3759 1238 3818 statua-

136 3877 229 3922 mus:
252 3855 606 3950 νθίιιῑίτριςμυριετῆ
621 3849 755 3949 χρόνον
761 3880 776 3944 ,·
801 3851 919 3939 altero,
947 3853 974 3918 si
987 3851 1147 3920 destinata
1161 3855 1236 3943 qni-

136 3957 216 4025 dem
231 3979 363 4048 poenae
378 3967 535 4048 putemus
554 3959 597 4026 ab
612 3958 693 4025 love
710 3955 846 4049 triginta
858 3955 962 4049 millia
977 3976 1149 4039 annorum,
1177 3956 1254 4024 sed.

85 4125 86 4129 ,
135 4061 308 4128 remissam
330 4050 514 4128 maximam
525 4063 594 4129 eius
620 4060 717 4152 spatii
737 4068 870 4151 partem
887 4080 977 4145 esse,
1005 4080 1108 4147 quum
1132 4057 1236 4127 Ghiro

137 4162 324 4232 Centaurus
348 4164 383 4230 in
410 4161 537 4231 Orcum
563 4165 655 4232 abire
679 4162 860 4258 decresset.
915 4159 1123 4229 Sedtamen
1144 4162 1236 4252 prius

135 4266 305 4346 illudnon
326 4277 376 4336 est
400 4261 586 4345 credibile:
608 4265 764 4334 vidissent
786 4265 896 4350 enim,
922 4264 981 4352 qui
997 4258 1164 4356 'legebant
1182 4264 1249 4331 fa-·

186 4370 308 4453 Hnnor.
335 4384 401 4459 01».
420 4386 478 4456 lv.
820 4489 824 4502 ,
995 4383 1030 4450 R
