2918 4890
549 305 633 367 ΗΒ.
655 303 679 370 i,
720 304 818 368 CAP.
833 308 871 372 ’8.
1261 311 1285 371 9

174 501 218 569 ait
235 507 340 588 atqua
355 495 659 567 accommodatum
691 498 811 588 anue
826 497 1008 568 difficultas
1025 506 1169 590 augetur
1182 496 1283 566 etiam
1332 492 1335 497 ’

174 626 235 691 eo,
262 601 373 692 quod,
403 603 431 668 si
440 603 484 671 ab
501 602 640 668 aliarum
657 602 905 694 comparatione
919 602 1111 693 linguarum
1125 601 1283 670 auxilium

174 715 292 798 petas,
318 703 413 794 quod
435 705 471 771 in
490 704 681 772 huiusmodi
700 727 738 772 re
759 705 924 795 optimum
949 727 1023 772 esse
1043 704 1283 772 adminiculum

176 810 284 896 solet,
303 809 397 876 nulla
417 817 468 874 est
484 807 617 898 lingua,
644 808 737 874 cuius
753 808 924 898 particulis
945 806 989 874 ad
1009 807 1101 875 huuc
1120 808 1225 874 tinem
1237 808 1284 874 ita

176 912 225 980 uti
249 912 371 1004 possis,
391 919 430 976 ut
449 932 510 977 eae
531 932 600 978 non
619 919 677 976 aut
689 911 861 996 maiorem,
886 920 944 978 aut
963 910 1138 998 minorem,
1163 918 1222 979 aut
1243 930 1285 977 ex

176 1023 275 1105 parte
288 1013 406 1080 saltem
430 1012 594 1080 diversam
606 1013 675 1078 vim
688 1011 846 1097 habeant,
871 1011 1096 1102 eoque,›dum
1110 1013 1285 1103 explican-

178 1116 244 1183 dae
264 1117 313 1182 rei
336 1116 496 1190 nonsine
517 1116 657 1182 utilimte
681 1115 902 1200 adhibentur,
931 1124 1045 1183 tamen
1064 1116 1162 1183 simul
1184 1115 1285 1183 etiarn

177 1219 424 1309 proclivitatem
439 1216 484 1283 ad
507 1216 687 1284 errandum
714 1216 865 1285 afferant
917 1218 971 1286 Ac
991 1217 1104 1284 nescio
1130 1240 1173 1283 an
1198 1216 1286 1283 haec

177 1322 291 1389 omnia
310 1321 495 1411 praecipuo
515 1320 663 1408 quodam
678 1319 781 1387 modo
797 1318 963 1410 quadrent
984 1321 1019 1386 in
1038 1319 1220 1409 particulas
1239 1317 1285 1389 ἂν

178 1433 212 1493 ct
232 1424 302 1506 κέν,
328 1423 449 1511 quibus
464 1445 533 1490 non
553 1424 661 1490 solum
677 1423 807 1506 inullis,
832 1445 916 1512 quas
931 1445 999 1514 ego
1014 1421 1152 1512 quidem
1165 1421 1285 1506 norim,

176 1526 302 1618 linguis
316 1526 428 1593 nullae
445 1527 630 1617 particulae
646 1548 688 1594 ex
704 1527 793 1593 omni
806 1536 904 1618 parte
920 1524 1144 1617 respondent,
1170 1523 1232 1592 sed
1250 1523 1286 1590 iu
1334 1529 1337 1533 ’

177 1632 255 1720 ipsa
273 1627 484 1696 Graecorum
505 1629 622 1720 lingua
643 1629 810 1717 quaedam
829 1629 1015 1721 particulae
1035 1627 1123 1696 adeo
1144 1635 1219 1695 sunt
1238 1627 1285 1695 si-

178 1732 298 1816 mileS,
319 1739 358 1800 ut
375 1725 419 1799 ne
436 1733 479 1801 ab
496 1732 549 1799 his
569 1731 709 1822 quidem
730 1731 903 1821 quomodo
919 1731 1077 1799 differant
1097 1731 1205 1798 statim
1221 1751 1286 1820 ap-

177 1842 307 1929 pareat
366 1833 439 1903 Sed
468 1858 573 1926 quum
597 1837 734 1903 omnino
760 1857 829 1902 uon
853 1835 915 1902 nisi
937 1834 1065 1925 duplex
1085 1834 1138 1901 via
1160 1841 1286 1924 pateat,

180 1960 284 2027 quarn
299 1937 372 2027 quis
390 1939 426 2007 in
444 1937 512 2005 hoc
526 1961 652 2030 genere
668 1937 802 2030 ingredi
814 1937 936 2029 possit,
962 1959 1049 2024 una,
1073 1945 1112 2004 ut
1132 1935 1287 2003 diuturna

181 2051 404 2129 accurateque
425 2050 578 2109 veterum
602 2041 803 2133 scriptorum
828 2041 968 2107 lectione
991 2040 1038 2107 ita
1064 2039 1287 2131 persentiscat

180 2152 382 2237 potestatem
408 2152 442 2211 et
463 2166 560 2212 usum
577 2143 700 2211 harum
719 2143 974 2235 particularum,
1001 2140 1288 2232 quemadmodum

119 2253 124 2260 “
181 2248 326 2316 solemus
341 2247 427 2314 iniis
450 2248 587 2338 linguis,
615 2269 698 2336 quas
719 2246 912 2337 quotidiana
931 2246 1090 2312 sermonis
1106 2251 1287 2311 eonsuetu-

181 2349 261 2417 dine
274 2349 496 2431 addiscimus3
522 2352 637 2436 altera,
653 2359 700 2435 ut,
712 2358 936 2440 posteaquam
949 2348 1181 2416 huncsensum
1190 2367 1288 2412 cour-

181 2476 320 2545 parasse
344 2452 441 2522 nobis
462 2452 654 2541 videamur,
679 2452 725 2519 ad
747 2453 853 2520 claras
869 2474 946 2519 eum
967 2451 1203 2540 distinctasque
1222 2470 1287 2516 no-

181 2557 288 2623 tiones
307 2577 468 2623 revocare
494 2556 702 2641 studeamus,
734 2578 823 2644 quae
846 2555 986 2644 quidem
1006 2553 1060 2622 via
1079 2555 1150 2622 sola
1171 2553 1288 2622 relicta

179 2667 234 2726 est
247 2660 295 2743 ei,
321 2659 379 2747 qui
394 2657 519 2726 docere
540 2659 629 2727 vult:
655 2660 850 2726 conabimur
864 2658 969 2744 hauc,
996 2657 1145 2747 quamvis
1163 2656 1287 2723 diffici-

180 2762 249 2828 lem
263 2761 470 2852 provinciam
491 2763 526 2828 in
545 2785 607 2831 nos
623 2763 795 2852 recipere,
820 2782 1048 2852 rogamusque
1063 2761 1223 2840 lectores,
1249 2766 1288 2826 ut

64 2892 66 2896 ⁸
182 2864 244 2932 has
255 2864 472 2932 subtilitatum
486 2864 632 2932 latebras
655 2866 830 2932 nobiscum
840 2871 1039 2956 perreptare
1053 2885 1096 2930 ne
1112 2861 1287 2931 fastidiant.
1333 2939 1335 2943 Ι

284 2966 415 3034 Sunt-in
429 2968 544 3060 lingua
558 2967 691 3034 Graeca
703 2977 770 3036 tres
784 2968 868 3035 aliae
874 2967 1070 3059 particulae,
1093 2987 1179 3054 quae
1194 2964 1286 3030 sirni-
1319 3013 1322 3017 -

181 3071 251 3137 leur
267 3078 303 3136 ut
317 3067 363 3141 civ
378 3079 412 3136 ct
435 3070 494 3141 κέν
512 3069 580 3137 vim
593 3069 736 3157 habent,
764 3071 863 3158 ἴσως,
890 3061 980 3156 aad,
1007 3077 1043 3135 et
1056 3069 1112 3154 τέ,
1139 3066 1200 3135 sed
1220 3064 1288 3133 dif-

181 3174 294 3239 ferunt
317 3171 428 3263 gradu
448 3180 481 3240 et
497 3172 611 3243 modo.
652 3173 706 3241 De
724 3173 794 3240 sola
810 3174 897 3241 enim
917 3171 1156 3266 significatione
1170 3178 1204 3238 et
1219 3190 1289 3260 po-
1358 3253 1363 3264 Ι

182 3284 303 3343 testate
332 3298 436 3361 nunc,
470 3297 539 3343 non
562 3274 607 3343 de
626 3276 890 3362 constructione,
916 3276 1046 3364 loquor.
1100 3273 1289 3342 Commune

164 3379 332 3446 ‘omniurn
345 3377 413 3444 hoc
426 3387 492 3464 est,
518 3379 613 3467 quod
630 3380 824 3446 sententiam
838 3376 1090 3468 quodammodo
1106 3376 1288 3462 debilitant,

184 3482 283 3569 eique
318 3480 443 3568 aliquid
475 3481 700 3573 ambiguitatis
727 3481 865 3549 addunt
931 3480 1034 3549 Cuius
1063 3480 1288 3570 ambiguitatis

183 3585 293 3674 primo
307 3583 435 3675 gradus
455 3583 577 3651 diversi
600 3593 693 3652 sunt:
719 3585 784 3651 alia
806 3573 893 3652 enim
915 3583 1103 3676 possibilia,
1130 3583 1192 3650 alia
1214 3583 1288 3650 for-

114 3704 122 3713 ’
183 3686 282 3769 tuita,
309 3686 373 3753 alia
394 3687 464 3753 veri
486 3687 622 3775 similia,
649 3688 713 3754 alia
731 3688 921 3779 probabilia
937 3709 1009 3755 esse
1027 3684 1176 3754 dicimus.
1228 3686 1288 3754 At-

185 3812 252 3878 que
277 3790 428 3856 omnium
451 3789 587 3878 minime
613 3800 704 3858 certa
729 3799 821 3875 sunt,
857 3790 901 3858 de
924 3790 1044 3880 quibus
1064 3789 1132 3857 hoc
1159 3797 1288 3856 tautum

134 3930 138 3936 ·
185 3893 316 3975 scimus,
340 3915 442 3984 posse
459 3916 500 3960 ea
516 3915 607 3977 esse,
634 3893 695 3960 sed
714 3893 796 3960 nihil
809 3893 985 3982 habemus,
1012 3914 1085 3960 esse
1098 3891 1188 3961 unde
1205 3915 1288 3959 con-

116 4066 121 4083 ,
184 3994 341 4065 iiciamus.
393 3986 549 4062 Proxima
561 3995 613 4063 lris
631 4005 717 4080 sunt,
740 4018 827 4086 quae
843 4007 955 4063 utrum
976 3996 1050 4082 sint,
1075 4018 1119 4063 an
1134 4018 1201 4063 non
1215 3994 1287 4080 sint,

153 4098 155 4102 ‘
185 4098 358 4164 fortuitum
381 4108 440 4184 est,
467 4100 488 4170 i.
505 4123 535 4167 e.
558 4121 599 4167 ex
622 4099 733 4188 aliqua
752 4098 942 4167 conditione
961 4121 1169 4189 suspensum,
1196 4099 1288 4165 cuius

185 4201 306 4266 veritas
319 4201 412 4291 prius
430 4203 668 4292 cognoscenda
682 4204 740 4286 sit,
768 4225 869 4292 quam
883 4223 1043 4270 vernume
1062 4202 1112 4284 sit,
1139 4199 1232 4290 quod
1247 4222 1288 4266 ex

185 4325 228 4370 ea
251 4303 396 4394 pendet,
428 4304 578 4376 sciamus.
630 4308 825 4396 Sequuntur
847 4329 904 4395 ea,
940 4328 1028 4398 quae
1057 4302 1289 4374 veris-similia

97 4444 121 4474 Ο
174 4475 188 4523 χ
266 4453 268 4457 ·

1393 360 1412 393 d
