2918 4890
175 276 177 282 ⁴
207 256 270 323 146
540 251 598 312 DE
635 249 908 313 Ptnrlcvnt
931 246 985 314 dc

307 439 510 533 Saepissime
532 454 598 531 pro
627 449 740 509 rectae
766 441 922 510 orationis
950 441 1160 509 coniunctivo
1180 442 1316 532 ponitur

201 544 395 637 optativus,
418 543 445 612 si
458 543 600 612 verbnm
620 545 807 637 principale
823 568 901 614 enm
919 544 1059 614 modum
1073 545 1188 616 habet.
1242 547 1316 614 Nec

206 649 337 718 mirum.
388 649 478 715 Nam
502 648 561 715 ubi
583 669 713 716 summa
737 649 921 717 sententiae
951 656 987 716 nt
1013 648 1084 716 sola
1114 649 1317 740 cogitatione

207 748 451 842 comprehensa
468 751 679 837 enunciotnr,
707 751 827 821 eodem
846 753 932 820 solet
953 751 1054 820 etiem
1076 752 1222 843 partium
1247 753 1317 820 eins

207 853 352 922 conditio
367 876 449 922 esse.
477 851 604 944 Odyss.
623 883 656 949 y
674 852 761 928 646.

257 983 407 1070 Zorlc'
361 1018 428 1083 roy
433 982 636 1085 ’ἀλεξήσειε
651 1018 710 1062 ιιαι
703 985 913 1066 ἀθάνατοι
929 989 1011 1064 θεοί
1028 988 1153 1071 ἄλλοι

211 1137 212 1142 1
259 1090 304 1174 ἀς
322 1119 422 1186 ιμειι
434 1119 509 1189 παρ
544 1097 645 1185 ἐμεῖο
662 1086 796 1192 dcclv
778 1093 837 1168 επί
857 1093 925 1189 νῆα
940 1091 1064 1166 ιιίοιτε

206 1247 260 1331 lle
282 1271 323 1315 ea
337 1247 467 1315 ratione
483 1245 551 1314 dixi
574 1245 618 1314 ad
636 1245 801 1340 Sophocl
823 1245 1108 1318 Α1964.1266.
1159 1246 1217 1316 Sic
1240 1248 1317 1317 Hc·-

206 1373 316 1419 merus
332 1349 427 1419 Iliad.
445 1376 472 1422 ε.
491 1347 577 1420 212.
1323 1367 1329 1376 ·

259 1515 291 1559 ει
286 1486 348 1559 δέ
361 1513 399 1558 νε
398 1477 579 1606 νοστήσω
595 1481 653 1556 ναί
669 1482 848 1579 ἐσόψομαι
867 1481 1120 1582 ὀφθαλμοῖσιν

258 1582 441 1715 πατςνίδΜ
424 1581 514 1683 εμήν
535 1581 667 1675 ἄλοχόν
682 1614 723 1659 τε
739 1587 800 1660 καί
814 1586 991 1710 ὑψερεφὲς
1005 1589 1099 1680 μέγα
1118 1586 1234 1682 δωμα,

259 1686 381 1762 αιίτίν
394 1685 511 1763 ἔπειτ
528 1684 594 1761 ἀπ’
611 1714 710 1780 εμειο
726 1683 817 1786 ιιοίοῃ
838 1684 954 1782 τάμοι
971 1683 1161 1785 ἀλλότριος
1178 1685 1264 1787 pole,

259 1795 294 1866 εἰ
305 1820 356 1889 μη
373 1796 439 1886 lyco
432 1784 542 1866 τάδο
558 1784 646 1874 τόξα
665 1819 802 1887 φαεινῳ
821 1797 859 1866 ἑν
873 1819 960 1887 πορι
953 1792 1092 1888 θείην.

207 1946 394 2037 Exspectes
410 1942 468 2011 hic
485 1943 576 2016 θεία
586 1999 598 2032 ,
626 1944 706 2033 quin
723 1954 902 2016 asseverat.
954 1945 1001 2014 Et
1023 1955 1181 2038 potuerat
1199 1947 1245 2014 ite
1265 1947 1318 2014 di-

208 2072 295 2121 cere.
348 2049 437 2115 Nam
453 2047 585 2115 dnobus
603 2047 711 2115 modis
731 2048 800 2116 hoc
816 2049 963 2141 proferri
976 2049 1116 2134 licebat,
1143 2059 1201 2117 aut
1225 2059 1319 2118 recta

207 2154 375 2233 oratione,
402 2160 440 2218 ut
454 2160 572 2219 votum
590 2173 633 2219 ex
647 2151 838 2221 conditione
854 2152 1040 2244 penderet,
1067 2155 1099 2224 εί
1115 2146 1169 2251 μή
1181 2153 1219 2226 ἐν
1233 2151 1319 2249 πυρί

209 2253 312 2342 θείω,
340 2253 373 2324 εί
386 2277 458 2322 πονε
477 2277 701 2342 ονονααοονο,
722 2277 897 2348 peream3
922 2265 980 2325 ant
997 2256 1155 2346 obliqua,
1182 2264 1219 2322 ut
1234 2279 1319 2324 con-

208 2358 290 2427 ditio
308 2379 350 2426 ex
374 2365 455 2425 voto
476 2368 650 2447 tamqnam
672 2359 842 2448 perseius
864 2359 1049 2451 penderet:
1070 2381 1226 2452 peream
1248 2358 1319 2427 nisi

210 2459 466 2544 ονααιανονίννι,
492 2461 514 2528 i.
532 2483 562 2531 e.
581 2457 847 2553 oisoreputem
858 2471 899 2532 nt
915 2485 987 2531 ποπ
1001 2461 1223 2532 comburam.
1260 2462 1319 2531 Sic

209 2561 449 2654 Aristophanes
464 2561 500 2628 in
513 2563 603 2630 Pace
619 2561 731 2633 1672.

259 2691 382 2797 ἐξώλης
397 2690 567 2788 ἀπόλοι’,
596 2700 631 2771 εἰ
642 2691 697 2797 μή
710 2691 868 2772 παύσαιο
882 2696 1045 2792 βακίζων.

209 2856 231 2926 i.
248 2878 277 2924 e.
295 2854 505 2947 dispereas,
531 2852 564 2922 εἰ
580 2861 615 2922 te
630 2876 703 2922 ποτε
717 2851 936 2922 destiturum
944 2864 1080 2947 putem.
1124 2855 1212 2924 Vide
1226 2870 1319 2924 eum·

210 2958 289 3026 dem
315 2957 382 3046 Eq.
402 2953 488 3024 694.
541 2955 670 3024 Contra
686 2955 721 3023 in
742 2957 905 3024 sententia
926 2957 1017 3026 finali
1040 2981 1109 3027 non
1129 2959 1220 3028 licuit
1239 2983 1318 3028 con-

210 3056 389 3130 iunctivnm
403 3081 531 3149 ponere
547 3059 714 3152 Sophocli
727 3059 815 3127 Phil.
832 3057 919 3131 524.
1035 3122 1038 3131 .

261 3206 386 3303 θιιμον
400 3214 543 3304 γένοιτο
561 3238 655 3307 χειρι
647 3206 856 3336 πληρῶοαί
867 3240 975 3299 ποτε,

263 3310 313 3388 ἵν
327 3342 365 3386 αι
359 3314 554 3436 ‘Mvupcac
565 3322 696 3408 γνοῖεν,
722 3343 743 3413 η
736 3310 917 3440 Σπαρτη
935 3311 979 3389 d
987 3363 997 3399 ,
1022 3311 1083 3389 ὅτι

263 3445 307 3514 χη
299 3413 464 3513 Σκῦρος
479 3413 620 3514 ἀνδρῶν
637 3414 796 3512 ἀλκίμων
811 3413 933 3518 μήτηρ
951 3419 1030 3515 ἔφα.

140 3625 141 3629 η
212 3573 340 3642 Nom
315 3595 342 3642 ει
357 3578 444 3640 esset
460 3571 669 3642 coniunctivo
685 3594 781 3660 usus,
807 3573 854 3642 sic
876 3573 1089 3665 loqueretur,
1109 3581 1147 3639 ut
1170 3571 1227 3662 qui
1249 3573 1319 3640 voti

212 3699 249 3744 se
265 3683 460 3766 compotem
475 3674 625 3746 futurum
640 3698 708 3743 non
723 3675 900 3746 dubitaret
933 3676 1067 3744 Eadem
1081 3677 1166 3744 ratio
1185 3685 1237 3745 est
1251 3676 1318 3744 hn-

212 3801 472 3860 rumversnum‚
499 3775 610 3861 Ode.
631 3776 760 3846 462.

264 3909 374 4002 ξεῖν,
397 3909 493 3986 οὕτω
507 3906 577 4038 νόίρ
591 3914 651 3988 νίν
664 3939 731 4004 μοι
728 3909 940 4012 εἰίιιλείη
901 3943 924 3989 τ
955 3906 1072 4042 ἀρετή
1086 3942 1128 3987 τε

266 4018 320 4106 εἴη
334 4020 377 4090 ἐπ
383 4009 621 4114 ’ἀνθρώπους
635 4013 714 4110 ἅμα
735 4013 773 4090 τ’
791 4014 922 4092 αὐτίκα
938 4016 997 4090 ιιαί
1009 4019 1226 4111 μετέπειτα,

265 4115 304 4200 ὅς
320 4144 342 4192 σ
372 4117 447 4192 επεί
459 4123 494 4200 c'c
506 4117 681 4218 κλισίην
655 4145 792 4213 αναγον
807 4149 866 4195 ναι
859 4118 996 4205 ξείνια
1011 4120 1129 4211 διίιια,

267 4217 371 4303 αὖτις
385 4221 423 4295 δὲ
440 4220 641 4338 κτείναιμι,
668 4220 870 4319 φίλονδ”’
844 4252 916 4300 απο
932 4218 1056 4320 θνμον
1072 4223 1228 4324 ελοίμην
