2918 4890
229 309 294 374 254
336 302 395 365 DE
425 300 662 386 auscuuul
692 300 992 363 PROMaTuuo
1021 301 1211 363 SOLVTO

229 519 283 566 sos
303 495 416 566 fuisse.
468 493 535 560 Hic
550 493 651 584 igitur
669 491 909 576 Prometheus,
936 492 1028 559 cuius
1043 515 1234 585 cognomen
1250 497 1333 562 nul-

228 601 299 668 lum
313 597 472 689 apposuit
487 597 632 687 scriptor
648 595 847 687 argumenti,
875 596 1037 685 satyricus
1051 596 1124 666 fuit.
1157 601 1332 693 Πυρκαέα

155 717 162 729 “
228 710 386 770 vocatum
407 722 499 785 esse,
527 722 568 766 ex
593 700 732 766 Polluce
754 699 812 765 IX.
833 696 918 764 156.
942 699 984 767 Χ
1005 696 1065 765 64.
1085 708 1225 773 constat.
1278 701 1333 770 Ex

227 797 404 900 πυρφόρῳ
429 826 515 892 quae
531 824 705 893 perpauca
723 801 927 887 afferuntur,
953 802 1115 868 incertum
1131 805 1332 893 relinquunt,

227 905 448 999 tragoediane
463 929 506 973 an
520 905 635 972 fabula
649 905 916 994 satyrica-fuerit.
945 904 1135 993 Satyricam
1154 908 1212 995 qui
1228 908 1331 976 fuisse

135 1096 138 1103 ¹
228 1009 423 1095 existimant,
450 1007 661 1076 similitudine
676 1008 848 1074 nominum
863 1006 955 1092 moti,
981 1009 1024 1074 ab
1040 1007 1112 1074 aliis
1128 1003 1331 1103 πυρφόρον,

228 1115 272 1181 ab
294 1113 363 1179 aliis
386 1113 546 1206 πυρκαέα
568 1111 773 1202 appellatam
800 1111 957 1195 credunt,
985 1132 1095 1199 eoque
1115 1111 1243 1178 factum
1262 1135 1332 1202 pu-

225 1225 313 1298 tant,
340 1223 377 1281 ut
395 1207 571 1309 scopacalle
591 1215 700 1282 nullus
722 1215 763 1281 sit
777 1215 811 1280 in
828 1213 974 1279 indicem
989 1214 1179 1280 fabularum
1195 1216 1329 1284 relatus·

227 1318 654 1388 Contrariamsententiam
673 1318 730 1406 qui
753 1316 954 1400 defendunt,
980 1316 1080 1383 indici
1100 1317 1229 1385 illinon
1243 1319 1330 1386 mul-

225 1432 297 1490 tum
310 1420 524 1488 tribuendum
539 1443 612 1488 esse
627 1429 781 1507 monent,
807 1421 981 1486 nominum
995 1428 1107 1486 autem
1121 1421 1330 1511 significatus

195 1559 199 1567 ·
226 1525 365 1592 differre
384 1523 517 1609 volunt,
543 1533 580 1589 ut
595 1517 782 1613 πυρφόρος
796 1522 855 1608 sit,
882 1524 939 1611 qui
952 1521 1102 1614 fraude
1117 1524 1221 1590 mala
1235 1547 1331 1616 gen-

227 1628 322 1698 tibus
336 1625 500 1694 intulerit
514 1626 638 1718 ignem
656 1625 826 1695 aetheria
847 1627 954 1692 domo
970 1624 1204 1710 subductum,
1232 1653 1331 1722 nvp-

225 1725 330 1808 accde
343 1738 456 1796 autem
471 1731 528 1818 qui
543 1728 743 1799 accenderit.
794 1729 841 1795 Et
852 1729 980 1796 factum
993 1730 1029 1796 id
1044 1730 1166 1797 esseio
1178 1736 1334 1820 πυρκαεῑ

189 1833 193 1843 “
226 1857 268 1902 ex
293 1833 476 1899 Plutarcho
507 1834 541 1908 in
568 1832 655 1898 libro
682 1831 725 1898 de
752 1832 892 1899 utilitate
918 1855 959 1901 ex
985 1832 1137 1900 hostibus
1163 1832 1332 1922 capienda

199 1944 271 2028 4p.
286 1934 347 2003 86.
364 1935 405 2009 F.
424 1937 596 2026 cognitum
612 1944 671 2001 est.
697 1936 795 2002 Patet
810 1935 861 2002 his
878 1937 1082 2027 argumentis
1102 1958 1172 2002 non
1188 1936 1331 2003 multum
1389 1933 1392 1936 ⁴

226 2041 325 2110 effici.
378 2042 467 2106 Nam
481 2038 581 2105 indici
601 2039 655 2104 isti
668 2047 705 2104 ut
718 2061 785 2105 non
799 2047 927 2106 temere
943 2038 1127 2124 fidendum,
1147 2040 1193 2105 ita
1209 2061 1252 2104 ne
1269 2037 1331 2106 de-

224 2143 381 2234 neganda
407 2141 545 2231 quidem
575 2141 662 2209 fides
690 2150 817 2209 temere
845 2152 912 2210 est:
935 2143 1004 2230 ,qui
1034 2152 1147 2208 autem
1174 2142 1331 2209 accendit

223 2247 339 2338 ignem
356 2247 502 2338 primus,
528 2245 620 2312 idem
633 2245 734 2312 infert
749 2246 783 2311 in
798 2245 951 2312 vitamet
968 2268 1065 2312 usum
1082 2245 1268 2317 hominum.

327 2350 398 2417 Sed
415 2348 544 2415 addunt
566 2348 710 2414 rationes
729 2349 824 2416 alias:
851 2349 1011 2416 Vinctum
1031 2348 1274 2415 Prometheum
1295 2354 1331 2414 et

224 2451 380 2520 Solutum
394 2474 460 2518 una
469 2449 647 2541 iutrilogia
662 2452 855 2517 coniunctos
870 2452 973 2519 luisse
985 2452 1100 2518 testari
1115 2451 1330 2518 scholiastam

223 2554 269 2620 ad
288 2555 399 2621 Vincti
418 2577 450 2620 v.
473 2551 561 2624 510.
585 2553 675 2620 unde
696 2554 766 2620 veri
787 2554 892 2620 simile
916 2578 1006 2640 csse,
1032 2563 1139 2621 totam
1160 2554 1330 2646 trilogiam

120 2691 124 2701 ·
222 2657 256 2724 iu
272 2658 372 2725 rebus
385 2655 578 2724 Promethei
600 2679 672 2723 csse
692 2666 875 2742 versatam,
900 2657 1098 2747 praesertim
1120 2680 1224 2744 quum
1243 2679 1329 2723 con-

222 2762 368 2828 sueverit
390 2759 579 2849 Aeschylus
604 2769 804 2851 argumenta
824 2783 889 2851 per
910 2770 979 2828 tres
1002 2760 1194 2851 tragoedias
1218 2759 1329 2826 conti-

222 2887 335 2930 nuare.
367 2864 568 2931 Verisimile
584 2886 667 2949 esse,
688 2886 787 2930 nemo
803 2864 1012 2930 infitiabitur:
1033 2885 1237 2953 quamquam
1250 2862 1328 2952 ipsi,

168 3025 171 3028 Δ
224 2966 281 3054 qui
300 2967 392 3032 illam
413 2968 611 3034 sententiam
626 2965 831 3053 defendunt,
858 2967 982 3034 frustra
996 2968 1106 3033 conati
1121 2975 1196 3033 sunt
1212 2975 1329 3032 osten·-

206 3056 322 3155 'dere,
350 3068 522 3158 quomodo
546 3077 662 3159 raptus
684 3092 705 3135 a
720 3069 925 3137 Prometheo
944 3071 1031 3161 ignis
1054 3079 1172 3160 aptum
1186 3078 1328 3160 tragoe-

222 3171 299 3239 diae
320 3180 553 3264 argumentum
577 3172 780 3263 praebuerit.
803 3191 806 3197 ·
834 3173 906 3240 Sed
924 3174 1026 3240 fuerit
1047 3175 1104 3239 illa
1132 3172 1327 3264 tragoedia:

221 3277 298 3343 satis
317 3278 405 3343 enim
426 3275 610 3342 fecundum
625 3285 696 3342 erat
716 3274 880 3366 Aeschyli
897 3277 1087 3368 ingenium,
1113 3285 1151 3343 ut
1166 3278 1266 3344 etiam
1283 3299 1328 3344 ex

220 3377 334 3467 iniqua
354 3379 493 3444 materia
519 3378 730 3470 tragoediam
754 3380 855 3447 sciret
877 3403 1101 3470 componere,
1126 3379 1328 3470 praesertim

220 3489 290 3547 tam
304 3481 499 3571 simplicem,
526 3505 627 3570 quam
642 3492 719 3550 sunt
732 3483 808 3550 illae
825 3484 1037 3572 antiquiores.
1073 3484 1119 3550 At
1132 3482 1217 3548 illud
1233 3490 1327 3550 certe

220 3606 288 3649 non
307 3583 478 3650 debebant
494 3584 632 3668 allerre,
659 3587 869 3654 consuevisse
883 3586 1089 3676 Aeschylum
1103 3586 1244 3676 trilogiis
1257 3585 1326 3652 suis

221 3686 365 3772 aliquam
378 3709 491 3754 rerum
507 3688 756 3756 continuitatem
776 3691 955 3780 explicare.
1008 3690 1095 3756 Tres
1117 3687 1325 3779 tragoedias,

223 3789 344 3877 quibus
365 3789 561 3858 succederet
587 3790 703 3856 fabula
721 3794 884 3881 satyrica,
912 3793 1113 3876 coniunctim
1137 3791 1324 3883 productas

221 3891 255 3958 in
274 3915 408 3959 scenam
427 3916 517 3977 esse,
548 3893 714 3960 neminem
738 3897 834 3979 latet,
862 3897 924 3963 etsi
946 3919 1009 3962 uec
1033 3896 1106 3983 quis
1134 3895 1169 3961 id
1196 3895 1325 3986 primus

220 3994 410 4081 instituerit,
447 4021 510 4064 nec
536 4019 623 4084 quae
655 4019 772 4064 caussa
796 3999 865 4065 eius
894 3999 1031 4065 instituti
1061 3997 1163 4064 fucrit
1192 3999 1325 4066 scimus·

220 4097 443 4169 Probabiliter
463 4098 693 4167 Dahlmannus
713 4101 746 4166 iri
768 4102 1046 4168 commentatione
1066 4101 1110 4167 de
1130 4098 1323 4191 primordiis

221 4209 255 4267 et
271 4201 479 4268 successibus
495 4203 615 4269 veteris
629 4203 824 4270 comoediae
839 4228 876 4296 p.
891 4203 950 4271 22.
963 4227 1093 4271 morem
1105 4203 1197 4270 hunc
1212 4203 1325 4270 ebre-

220 4304 321 4371 vitate
341 4303 641 4392 antiquissimarum
667 4307 918 4400 tragoediarum
944 4306 1170 4399 repetendum
1197 4313 1324 4374 censet.
