2918 4890
199 271 264 334 838
328 263 477 328 SEPTEM
503 264 651 324 return
671 264 824 324 ornari
848 263 906 328 ΑΡ.
932 263 1174 325 AESCHYLVM.

202 460 242 527 ln
263 456 316 526 bis
339 448 635 551 ἀπριγδόπληκτα
655 463 689 522 et
707 447 965 552 πολυπλάνητα
987 455 1202 524 scribendum
1222 479 1310 541 esse,

204 563 355 648 luerunt,
382 559 439 648 qui
456 557 767 626 animadverterent
820 558 867 625 Et
885 558 1043 649 profecto
1060 561 1118 627 ‘vel
1135 583 1255 628 caecus
1271 560 1311 628 id

204 665 326 734 videat.
377 661 449 732 Sed
465 662 514 746 iis,
538 684 625 750 quae
648 661 866 752 praecedunt,
884 663 1096 730 nesciverunt
1111 663 1193 752 quid
1212 664 1310 731 face-

113 817 117 827 .
203 776 287 851 rent.
338 765 529 850 Porsonus,
558 786 636 832 raro
660 765 716 832 ille
734 765 814 832 felix
834 765 867 832 in
886 764 1060 856 Aeschylo
1083 766 1311 848 emendando,

203 873 238 939 in
253 867 461 962 praefatione
484 866 528 934 ad
548 868 727 936 Hecubam
754 891 789 958 p.
806 866 841 934 8.
867 869 924 936 vel
946 877 1165 962 transpone,
1191 871 1311 958 inquit,

100 978 104 985 '
199 967 337 1065 ‘Enoc'
358 969 512 1065 Ἀρειον
539 964 704 1061 ιιομμόι,
738 971 794 1038 vel
820 971 921 1064 lege,
961 973 1059 1064 qnod
1092 975 1312 1042 sententiam

205 1076 333 1144 melius
348 1073 544 1161 connectit,
571 1067 715 1164 τσμμόι
735 1070 770 1144 δ’
786 1061 1061 1168 ἔκοψὴΛρεισι.
1113 1078 1190 1143 Νοη
1204 1077 1311 1144 dixis-

207 1189 260 1249 set
275 1180 358 1264 ista,
384 1179 412 1244 si
427 1177 482 1244 vel
498 1176 738 1268 antistrophica
760 1200 850 1263 esse,
877 1185 910 1244 et
929 1177 1064 1269 singulis
1084 1180 1221 1268 syllabis
1243 1180 1312 1246 ob-

208 1281 334 1352 servari
348 1281 602 1371 responsionem
616 1279 763 1363 vidisset,
789 1281 844 1347 vel
859 1281 1043 1371 cogitasset
1056 1281 1100 1348 de
1119 1306 1216 1350 sensu
1230 1305 1311 1349 ver-

206 1388 338 1456 borum.
381 1384 472 1468 Quin
488 1391 580 1450 tanta
597 1383 661 1450 luit
673 1382 824 1468 levitate,
851 1392 976 1472 quanta
992 1385 1048 1472 qui
1061 1385 1146 1452 illud
1157 1383 1312 1479 Ἀρειον
1355 1389 1358 1398 ’

207 1490 262 1557 vel
273 1489 421 1556 tulerunt
442 1486 497 1562 vel
513 1485 692 1554 emendare
712 1487 824 1552 conati
838 1495 912 1553 sunt
932 1508 1065 1572 omnes,
1091 1499 1188 1556 utne
1205 1487 1313 1556 scho-

206 1594 337 1662 liastam
362 1588 500 1679 quidem
521 1589 718 1679 inspiceret,
760 1589 816 1678 qui
840 1612 945 1678 quum
973 1590 1113 1674 scribat,
1146 1589 1312 1682 Ἄρειοι,

212 1687 410 1788 Περσικόν,
445 1700 541 1783 patet
567 1692 611 1758 ab
636 1691 807 1782 Aeschylo
833 1693 1027 1783 profectum
1058 1717 1131 1761 esse
1154 1691 1313 1788 ’'Apaov:
1368 1742 1371 1748 -

209 1798 336 1885 dequo
351 1795 485 1862 nomine
499 1794 634 1862 videndi
650 1794 850 1886 interpretes
861 1795 1026 1885 Hesychii
1040 1796 1085 1863 ad
1102 1821 1133 1865 v.
1149 1790 1312 1888 Ἀρείαςε

136 1919 139 1924 ·
209 1910 247 1969 ut
264 1899 321 1967 hic
344 1920 479 1987 quoque
494 1897 586 1965 rudis
611 1899 667 1965 illa
682 1899 944 1989 transpositionis
962 1922 1112 1990 panacea
1133 1901 1167 1967 in
1187 1901 1314 1966 malam

181 2002 184 2009 ⁴
209 2025 282 2072 rem
302 2001 395 2070 abire
416 2002 580 2073 iubeatur.
639 2001 732 2070 Tum
754 2023 835 2068 vero
859 2024 946 2091 quae
967 2002 1103 2070 tandem
1127 2011 1203 2071 sunt
1226 2003 1315 2071 istae

212 2105 337 2174 (lissiae
355 2104 569 2173 bellatrices?
603 2104 725 2172 Nullae
741 2103 875 2171 fuerunt
892 2127 1061 2193 nmquam.
1113 2107 1203 2174 Nam
1218 2105 1316 2196 quod

210 2206 444 2277 Blomlleldins
461 2209 524 2292 ait,
550 2205 808 2301 πσλιμιστρίας
822 2205 908 2275 libri
924 2208 1100 2296 universi,
1126 2210 1182 2276 vel
1198 2231 1316 2277 errore

211 2311 360 2402 scripsit,
392 2309 448 2377 vel
475 2333 603 2402 magna
632 2308 778 2398 quadam
811 2309 1026 2403 negligentia.
1088 2314 1121 2380 A
1150 2313 1315 2381 Turnebo
1447 2318 1450 2337 ¹

210 2413 293 2482 illud
316 2434 358 2480 ex
375 2413 567 2480 coniectura
586 2413 714 2480 illatum
734 2422 798 2480 est:
824 2414 900 2480 libri
921 2423 954 2482 et
974 2415 1088 2507 scripti
1107 2424 1142 2483 et
1159 2416 1317 2506 impressi
1412 2430 1422 2449 ’·

73 2546 76 2553 ’
211 2525 289 2585 ante
315 2515 530 2602 Tumebnm,
572 2515 629 2604 qui
665 2515 727 2583 soli
757 2515 792 2582 in
817 2518 995 2608 postremis
1028 2519 1212 2610 tragoediis
1243 2542 1316 2611 ge-

212 2618 302 2688 nuini
328 2618 436 2687 fontes
464 2627 556 2704 sunt,
590 2617 735 2685 universi
762 2617 890 2687 habent
918 2613 1065 2713 νόμοισι
1094 2621 1317 2718 λεμιστρίας.

211 2722 312 2791 Vnde
340 2721 423 2809 quid
456 2730 569 2814 potest
595 2721 744 2812 apertius
776 2744 867 2808 esse,
905 2746 1007 2814 quarn
1039 2724 1210 2816 scripsisse
1241 2725 1314 2794 Ae-

140 2874 148 2887 .
211 2825 384 2918 schylumt

367 2976 477 3069 ἔκοψε
502 2967 811 3064 πομμόιἎριοι,
838 2975 877 3048 ἕν
903 3005 944 3049 τι
964 2977 1121 3058 Κισσίας

238 3124 241 3129 ,
367 3071 494 3169 νόμοις
517 3075 763 3170 ἰηλεμιστρίας

368 3171 660 3274 ἀπριγδόπληκτα
686 3173 943 3302 πολυπλάνητα
968 3176 1007 3251 τ’
1026 3176 1070 3276 ἦν
1097 3183 1185 3253 ἰδεῖν

369 3280 706 3375 ἐπασσυτεροτριβῆ
730 3275 780 3352 roi
805 3310 908 3378 χερσς
929 3279 1127 3378 ὀρέγματα.

213 3457 303 3524 Nam
328 3442 542 3520 brachiorum
561 3451 694 3520 iactatio
716 3453 834 3520 usitata
851 3451 961 3521 Cissiis
982 3454 1139 3545 praeficis
1162 3455 1195 3520 in
1214 3454 1323 3544 plan·
1377 3534 1380 3542 .

214 3557 328 3651 gendo
357 3553 440 3622 illud
470 3562 539 3636 est,
576 3577 644 3644 quo
675 3555 720 3622 ad
752 3555 993 3625 describendos
1028 3555 1323 3647 Clytaemnestrae

214 3663 346 3730 feroces
360 3707 362 3720 .
378 3659 463 3726 ictus
495 3657 607 3725 utitur.
673 3659 719 3726 Et
750 3664 819 3747 quo
851 3661 959 3728 minus
993 3660 1067 3748 quis
1101 3661 1250 3748 quamvis
1285 3660 1324 3728 in

214 3788 252 3832 re
284 3786 348 3855 per
374 3761 538 3852 seplana
564 3760 708 3848 dubitet,
744 3760 955 3851 Hesychius,
992 3761 1086 3828 haud
1120 3762 1242 3850 dubie,
1277 3787 1326 3831 ex

41 3904 44 3909 -
116 3947 128 3963 η
196 3866 282 3934 ,hoc
315 3868 391 3956 ipso
424 3864 518 3932 loco:
554 3859 821 3960 ἰηλεμιστρίαὲ,
856 3863 1084 3962 θρηνητριάς.
1145 3865 1216 3933 Sed
1240 3867 1325 3934 nul-

215 3971 265 4036 lus
292 3969 458 4037 editorum
482 3965 576 4040 vidit.

652 4209 857 4218 Μ
