2918 4890
523 266 609 333 ΜΒ.
631 269 670 330 u
714 270 861 336 clud
1203 285 1246 347 ul

133 468 187 530 est
202 461 291 533 Vlll
315 460 430 531 ot.
402 490 447 546 oc
464 458 567 538 δί’
523 491 646 588 ιιοσμςο
670 465 790 558 ἐπεξῆς
813 472 950 551 ἵζοντο,
977 466 1187 587 btuuro*
1146 471 1245 566 ,τέρ-

133 561 433 668 ξηςΜαρδόνιον,
451 561 594 664 είροίτα,
618 561 1091 664 ατοπειραίμενοςὲιιοίοτου,
1110 601 1142 645 ει
1156 601 1246 646 ναο

132 671 271 767 μαχίην
292 671 470 745 ποιέοιτο.
522 671 619 740 Ηαοο
643 693 747 762 quum
769 672 877 740 minus
899 682 1055 740 accurate
1075 677 1246 746 discerne-

132 785 189 844 ret
202 774 399 844 Werferus
389 797 425 842 rn
438 775 533 845 Actis
547 773 684 844 Monac.
698 776 767 848 vol.
785 776 812 848 Ι,
829 799 866 866 p.
881 772 968 849 23⁰.
983 800 1078 869 seqq.
1088 781 1163 849 fieri
1177 803 1247 849 non

132 879 263 972 potuit,
288 878 369 968 quin
391 879 515 970 corrigi
536 877 655 965 vellet,
688 901 776 969 quae
796 879 932 947 minime
953 880 1108 976 indigent
1130 905 1247 952 corre-

22 1016 26 1026 ·
134 984 258 1056 ctione.
309 981 604 1051 Demosthenesin
620 981 706 1050 Mid.
720 1006 758 1073 p.
781 980 867 1070 525,
884 980 945 1055 19.
974 985 1075 1067 εἴτις
1094 982 1159 1060 οὖν
1176 983 1246 1060 κὰ-

134 1085 266 1166 κείνοις
287 1091 364 1165 τοῖς
384 1078 831 1179 αροῦποίρχοοοινόμοις,
858 1084 918 1157 ναί
942 1083 1062 1185 τούτῳ
1086 1090 1140 1185 τῷ
1160 1086 1246 1182 μετ’

134 1188 290 1268 ἐκείνους
315 1190 465 1261 τεθέντι
489 1189 550 1260 ναί
581 1188 671 1260 πᾶσι
695 1196 773 1270 τοῖς
799 1193 979 1270 terrore*
958 1217 1021 1265 εστ
1058 1194 1245 1282 ενοχος,ο

134 1291 307 1372 τοιοῦτος
328 1284 468 1386 πότερα
492 1318 545 1387 μη
537 1286 617 1386 δῷ
635 1286 698 1365 δια
721 1292 833 1365 τοῦτο
857 1293 977 1391 δίκην,
1003 1294 1148 1391 ἢμείζω
1166 1294 1247 1392 δοίη

68 1480 72 1481 ⁷
135 1398 343 1485 taxatores
326 1421 392 1487 ayo
385 1387 600 1487 μίνοίμαι
615 1395 734 1488 μείζω.
767 1397 937 1466 Accuratc
953 1398 1101 1467 ‹hstrnnt
1115 1398 1248 1486 modos,

133 1509 173 1567 nt
188 1522 257 1567 non
277 1498 433 1567 debuerit
446 1497 626 1567 Bekkerus
642 1499 843 1593 Spaldingio
858 1501 1063 1590 assentiri,
1038 1531 1084 1575 αν
1097 1504 1248 1595 optativo

134 1602 363 1671 adiiciendum
396 1603 554 1675 censenti.
607 1604 697 1672 Nam
729 1628 834 1694 quum
865 1606 902 1674 id
930 1614 1011 1697 agat
1037 1615 1167 1694 orator,
1211 1616 1250 1674 ut

134 1704 293 1776 ostendat
312 1727 425 1797 poena
444 1706 586 1798 dignum
605 1730 679 1776 esse
700 1706 861 1796 Midiam,
887 1708 1012 1777 refutat
1029 1732 1109 1796 eos,
1135 1709 1193 1800 qui
1210 1710 1249 1776 il-

133 1813 208 1878 lum
222 1810 311 1878 forte
330 1809 514 1878 absoluturi
531 1811 605 1883 sint.
655 1811 775 1901 Itaque
790 1805 929 1907 πότερα
944 1807 998 1904 μή
1016 1812 1067 1906 δῷ
1082 1811 1180 1911 δίκην
1195 1811 1250 1881 di·

135 1916 199 1983 cit:
222 1923 391 1984 utrumne
411 1914 474 1982 ille
495 1937 568 1983 ooo
584 1912 690 1983 debet
704 1937 851 2007 poenas
874 1911 996 1984 dare?
1020 1916 1135 1984 Debet
1158 1938 1250 1988 vcro.

135 2017 271 2088 Deinde
283 2028 397 2086 autern
413 2017 514 2086 affert
527 2017 663 2108 aliquid,
690 2018 786 2108 quod
796 2040 866 2086 non
883 2020 955 2086 vult
968 2019 1053 2106 fieri,
1081 2018 1142 2086 sed
1157 2018 1251 2108 quod

137 2145 181 2192 co
198 2131 329 2190 tantum
352 2122 420 2190 fine
442 2121 575 2208 adiicit,
600 2130 638 2189 ut
654 2122 747 2189 illam
763 2123 914 2213 priorem
929 2122 1127 2190 sententiam
1142 2144 1251 2214 erag-

136 2225 292 2320 gerando
310 2218 525 2294 corroboret:
552 2247 601 2294 on
622 2223 813 2296 censebitis
832 2226 973 2294 maiore
986 2225 1113 2318 potine
1128 2247 1252 2318 poena

138 2331 295 2423 dignum
309 2324 417 2398 ecoe?
436 2330 516 2397 Hoc
530 2351 612 2397 vero
620 2351 686 2421 per
692 2331 881 2422 optativum
894 2329 1012 2398 debuit
1026 2329 1151 2416 dicere,
1172 2327 1253 2417 quia

136 2442 273 2503 nonest
294 2430 394 2519 illud,
420 2431 515 2522 quod
533 2455 622 2500 nunc
637 2443 798 2524 oportere
818 2434 882 2521 ait,
910 2433 972 2502 sed
991 2433 1086 2524 qnod
1111 2441 1252 2525 oporte-

136 2547 207 2620 ret,
233 2537 314 2606 siin
328 2535 431 2627 ipsius
446 2544 617 2626 potestate
634 2547 722 2606 esset
736 2538 831 2606 illurn
852 2539 983 2630 punire.
1035 2537 1155 2628 ltaque
1171 2558 1253 2604 cen-

138 2641 282 2710 sendum
304 2638 443 2727 quidem
466 2640 514 2707 ita
542 2649 657 2731 putat,
697 2643 826 2710 maiore
851 2642 946 2710 illum
969 2663 1084 2732 poena
1109 2639 1254 2732 dignum

139 2767 231 2831 esse,
260 2742 322 2812 sed
345 2765 412 2810 non
428 2743 601 2811 contendit
619 2743 746 2814 debere
761 2746 863 2813 etiam
875 2744 967 2812 affici
982 2766 1097 2835 poena
1113 2743 1251 2814 maiore.

137 2847 257 2916 Placet
280 2847 473 2937 exemplum
490 2845 658 2915 secundae
674 2871 844 2941 personae
864 2848 1029 2936 adiicere,
1056 2845 1151 2937 qnod
1166 2844 1253 2913 hacc

137 2950 245 3018 rarius
259 2949 435 3047 invenitur.
464 2947 1251 3044 OracnltrmapudscholAristoph.Eq.1089.
1356 2980 1359 2987 ·

140 3064 176 3123 et
189 3053 332 3123 Suidam
346 3053 380 3120 in
395 3076 428 3125 v.
443 3047 609 3151 Ἀρχίαςι

191 3199 323 3278 ἔλθετ’
349 3197 564 3303 ἐρησόμενοι
591 3204 751 3323 Φοίβοί.
775 3205 860 3295 τίνα
885 3211 994 3301 γαίαν
1021 3212 1160 3302 ἵκησθε.

142 3357 280 3450 Operae
294 3359 444 3450 pretium
458 3368 511 3430 est
529 3361 586 3428 hic
600 3362 794 3447 observare,
812 3361 883 3428 etsi
901 3361 989 3428 inter
1007 3360 1254 3428 coniunctivum

141 3470 243 3552 atque
257 3463 478 3532 indicativum
498 3464 602 3532 futuri
614 3466 757 3533 multum
780 3465 935 3551 interest,
961 3473 1076 3532 tamen
1092 3485 1158 3554 pro
1175 3461 1254 3529 affi-

140 3566 261 3652 nitate,
276 3589 375 3658 ¹quae
391 3575 442 3635 cst
460 3567 549 3636 inter
562 3568 626 3636 hos
640 3567 779 3654 modos,
806 3576 909 3659 saepe
923 3567 1074 3637 futurum
1087 3565 1255 3656 usurpari,
1388 3589 1390 3594 “

140 3668 201 3737 ubi
217 3671 678 3763 putca·²ooniunctiro.potius
698 3670 862 3739 utendum
875 3671 990 3744 fuisse.
1042 3671 1090 3739 Et
1103 3668 1162 3737 ubi
1177 3668 1255 3758 qui-

142 3771 223 3853 dem
244 3795 312 3841 non
332 3773 415 3862 quid
436 3773 564 3843 debeat
584 3776 676 3860 fieri,
703 3775 873 3865 sed'quid
890 3776 1040 3843 futurum
1061 3774 1121 3857 sit,
1148 3794 1256 3863 quae-

141 3876 234 3961 ritur,
260 3890 445 3947 nemo'non
453 3876 556 3965 videt,
581 3879 770 3948 necessario
785 3879 935 3947 futurum
947 3878 1084 3968 requiri,
1110 3885 1149 3944 ut
1162 3875 1256 3969 apud

61 3989 66 3996 '
141 3978 360 4048 Herodotum
379 3981 407 4053 l.
423 3978 484 4050 86.
499 3976 721 4075 βουλόμενος
738 3984 887 4071 εἰδέναι,
915 3983 952 4055 εἴ
965 3979 1019 4063 τίς
1036 4006 1102 4074 μιν
1118 3972 1254 4072 δαιμό-

142 4108 215 4155 νων
235 4076 389 4180 ριίσεται
401 4084 471 4157 τοῦ
488 4111 540 4182 μη
562 4087 678 4170 ζοίντα
702 4085 990 4174 κατακαυθῆναι.
1042 4082 1149 4153 Aliter
1163 4080 1256 4173 apud

144 4185 303 4255 eumdem
326 4185 418 4259 Vlll.
443 4185 546 4276 illi.³
528 4215 567 4262 εν
594 4187 741 4280 δείματι
771 4189 811 4263 δὲ
831 4181 975 4283 μεγάλῳ
997 4184 1256 4268 ναθεοτεοίτες,

144 4281 393 4382 ἐμαντεύοντο
412 4291 494 4392 περί
511 4289 586 4365 coit
604 4290 691 4388 torto
709 4285 925 4391 χρημάτων,
951 4293 1025 4366 εἴτε
1045 4289 1139 4386 σφέα
1162 4312 1256 4384 νατα
