2918 4890
456 309 509 374 DE
526 307 711 374 MeNsver
729 307 951 387 VTRIVSQVE
970 305 1020 377 ἅν.
1226 315 1290 382 881

184 524 216 572 v.
233 500 320 573 743.
347 522 565 595 pessumque,
592 501 620 571 si
636 521 724 593 opus
745 507 844 589 esset,
869 500 981 572 multis
999 505 1161 599 exemplis
1176 515 1291 578 osten·

184 607 278 681 dere.
330 606 378 676 Et
397 608 470 698 quis
495 629 564 676 nun
588 605 681 676 novit
705 602 806 673 illud:
1211 604 1216 620 '

776 732 873 838 discip
888 735 934 814 cd
946 739 1015 836 μὲν
1029 740 1177 839 equits
1192 742 1257 822 ὀΐω

337 859 425 963 πρίν
451 857 490 959 μ’
512 855 797 937 ἀποπαύσεσθαι
802 915 817 952 ,
852 858 939 958 πρίν
971 856 1058 961 μή
1090 861 1218 966 ἕτερόν
1248 896 1290 966 με

765 1007 926 1057 πισονπα

335 1107 492 1199 αἵματος
513 1095 603 1178 οἶσαι
615 1099 747 1202 Ἀρηα.

180 1255 254 1327 Sed
282 1257 429 1326 animum
462 1264 575 1326 tamen
608 1255 752 1324 advertit
776 1255 861 1340 hoc,
894 1253 1004 1347 quod,
1038 1259 1188 1350 quumvis
1220 1286 1288 1334 uon

179 1383 322 1454 maguus
350 1361 391 1429 sit
415 1383 572 1429 numerus
605 1359 753 1449 quinque
778 1360 833 1428 vel
863 1383 921 1429 sex
947 1363 1199 1453 exemplorum,
1233 1377 1291 1436 ta-

179 1486 277 1551 men,
303 1487 409 1554 quum
429 1465 515 1533 inter
539 1486 576 1533 se
599 1463 763 1532 simillima
779 1464 860 1551 sint,
889 1463 923 1532 iu
938 1465 1090 1534 omuibus
1105 1478 1286 1559 peccatum
1355 1542 1358 1549 ,

101 1570 105 1576 ’
179 1567 303 1636 eodem
317 1566 422 1636 modo
438 1575 498 1636 cst
550 1565 605 1635 Ex
621 1587 691 1657 quo
713 1566 785 1634 veri
806 1566 912 1635 simile
933 1575 1001 1652 est,
1031 1590 1135 1658 quum
1147 1571 1285 1664 yiillud

177 1671 304 1740 nullum
326 1670 370 1738 ab
393 1670 533 1761 antiquis
555 1669 646 1738 libris
671 1668 777 1738 fidem
795 1668 937 1754 habeut,
969 1671 1071 1740 alium
1097 1697 1171 1743 esse
1187 1698 1285 1746 ccm-

176 1796 315 1844 munem
334 1773 403 1842 istis
426 1774 509 1843 locis
529 1773 683 1843 omnibus
705 1773 836 1842 fontem
858 1773 989 1846 erroris.
1047 1774 1094 1843 Et
1114 1779 1283 1869 profectu,

178 1876 316 1968 quando
337 1877 446 1946 nullus
469 1899 588 1946 eorum
608 1884 677 1965 est,
702 1875 737 1944 in
753 1898 823 1967 que
843 1899 913 1945 uon
931 1877 1100 1970 aptissime
1115 1903 1284 1953 assevera-

175 1980 224 2049 tio
240 1980 408 2072 quaedam
424 1979 583 2068 accedat,
610 1978 705 2069 quod
720 1979 754 2046 iu
772 2001 841 2048 uno
858 1981 1007 2050 alterove
1023 2003 1141 2051 eorum
1154 1985 1282 2056 Perso-

175 2106 237 2153 uus
254 2092 357 2175 atque
375 2083 562 2153 'Elmsleius
576 2083 697 2175 reponi
711 2082 905 2171 voluerunt,
927 2078 1059 2172 ου’τᾶν,
1086 2108 1282 2165 accommo÷
1337 2089 1339 2093 ’

58 2240 67 2267 -.
175 2187 292 2256 datum
314 2195 367 2256 est
388 2187 553 2255 omuibus.
611 2186 711 2254 Patet
730 2193 844 2275 autem
865 2209 934 2277 qua
954 2208 1072 2256 caussa
1091 2189 1127 2257 iu
1149 2188 1213 2265 ουίι
1234 2191 1281 2268 ἂν

75 2330 79 2335 -
174 2297 339 2359 mutatum
358 2290 475 2359 fuerit:
501 2310 579 2359 nam
593 2311 697 2381 quum
714 2283 798 2362 οὔτ’
815 2286 1086 2374 describeretur,
1111 2293 1215 2384 idque
1227 2296 1281 2364 vi-

175 2392 312 2462 deretur
337 2390 425 2467 οὔπσ
443 2391 490 2467 cic
511 2416 603 2481 esse,
629 2415 693 2462 nec
711 2399 825 2461 tamen
847 2401 1044 2484 sequeretur
1063 2395 1155 2465 uliud
1178 2395 1279 2491 οὔτε,
1315 2428 1319 2434 ·

173 2505 339 2566 mutatum
360 2504 411 2565 est
422 2495 488 2585 sie,
513 2505 552 2565 ut
566 2518 682 2565 seusus
696 2496 869 2589 postulare
881 2497 1073 2589 putabatur.
1125 2500 1172 2569 Et
1187 2502 1222 2570 iu
1236 2526 1279 2572 eo

174 2600 313 2690 quidem
327 2600 500 2692 exemplo,
527 2598 621 2691 quod
637 2622 679 2668 ex
691 2599 864 2692 Antigona
879 2601 1017 2669 allatum
1033 2609 1100 2693 est,
1121 2603 1181 2678 coi
1194 2628 1278 2698 par-

173 2703 292 2793 ticula,
317 2712 355 2772 ut
366 2703 587 2795 plerumque,
608 2701 821 2796 inprincipio
837 2704 1019 2772 sententiae
1035 2714 1094 2774 est
1145 2707 1187 2775 ln
1199 2732 1281 2779 caea

80 2868 93 2891 ,
172 2805 252 2875 teris
284 2804 390 2881 οὗτοι
415 2807 582 2899 apoduein
615 2805 753 2899 incipit,
786 2805 882 2896 quod
913 2807 1071 2897 quoniam
1102 2811 1204 2880 ratius
1229 2814 1278 2902 iit,

171 2908 315 2999 iuvabit,
353 2933 397 2979 ue
432 2911 507 3000 quis
523 2907 685 2994 dubitet,
718 2907 806 2979 haec
838 2911 1039 3004 apposuisse
1070 2933 1113 2982 ex
1139 2911 1278 3010 Oedipo

170 3010 273 3107 Rege
297 3035 330 3085 v.
345 3007 468 3112 515„

598 3136 634 3223 οἱ
643 3141 714 3246 yde
728 3150 767 3223 ἐν
780 3154 861 3232 ταῖς
873 3153 1075 3248 ξυμφοραῖς

325 3273 405 3350 ταῖς
419 3265 484 3342 νῦν
495 3265 635 3363 νομίζοι
651 3262 741 3367 προί
753 3264 791 3362 μ’
806 3270 898 3363 ἐμοῦ
916 3271 1142 3346 πεπονθέναι

324 3381 488 3484 λόγοισιν
509 3384 580 3463 εἴτ’
600 3389 760 3482 ἔργοισιν
776 3391 825 3470 οἷς
836 3384 978 3487 βλάβην
993 3391 1123 3488 φέρον,

323 3505 430 3582 οὔτοι
444 3506 530 3604 βίον
542 3534 610 3603 μοι
624 3506 694 3581 τοῦ
707 3504 935 3608 μακραίωνος
949 3503 1069 3592 πόθοιΙ
1072 3563 1087 3602 ,

323 3627 475 3728 φέροντι
487 3621 595 3727 τήνδε
607 3619 723 3723 βοῖξιν.

166 3778 213 3851 Et
237 3801 269 3851 v.
298 3775 386 3853 851.

322 3921 358 3995 σι’
373 3915 409 3995 δ’
423 3914 491 3994 οὖν
509 3946 548 3994 τι
561 3914 805 4016 ναάτρέποιτο
824 3915 896 3992 τοῦ
909 3912 1074 4015 πρόσθεν
1087 3913 1218 4017 λόγου,
1287 4012 1302 4029 Γ

321 4037 427 4114 οὔτοι
446 4033 547 4126 πότ’,
573 4033 681 4127 cicae,
707 4030 775 4112 τόν
790 4065 832 4144 ρο
848 4040 973 4114 Λαΐου
990 4033 1106 4143 φόνον

112 4218 115 4224 .
175 4232 176 4236 ,
280 4163 429 4257 ,φανεῖ
447 4155 586 4240 δικαίως
602 4150 731 4255 ὀρθόν.

265 4315 379 4410 Perge
398 4326 487 4384 dune
507 4312 553 4383 ed
566 4311 705 4404 reliqua.
