3236 5048
292 307 357 382 tso
418 317 476 377 os
498 313 735 376 ruscum
755 311 1047 378 unoun'ruso
1067 309 1261 374 sonvso

287 513 487 598 postquam
507 503 703 574 Hermdem
718 504 794 574 tela
816 498 1035 597 deficerent,
1060 500 1290 572 multitudine
1302 499 1394 572 6ος-

294 607 513 677 decorumst
523 607 647 700 inopia
663 629 854 676 annorum
866 601 1050 698 defessum
1058 626 1097 674 ae
1111 605 1394 698 ingeniculnose,

293 712 417 781 multis
429 712 506 780 iam
518 707 722 780 vulneribus
737 706 917 802 acceptis:
932 708 1055 776 Ioocm
1069 717 1190 778 autem
1205 708 1395 780 adsertam

282 813 379 909 filii,
407 835 561 884 curasse
579 821 620 882 nt
645 813 748 882 circa
767 835 848 882 econ
867 833 1012 904 magna
1031 810 1198 903 lapidum
1213 811 1319 904 copia
1334 833 1393 880 ea-

294 925 369 986 set:
397 915 523 1008 quibus
537 939 576 986 sc
599 915 797 986 Hermetem
815 913 1073 1008 defendissem
1084 912 1205 984 hostes
1213 912 1392 1007 fisgosse.

181 1093 187 1111 .
296 1020 429 1111 Itaque
438 1015 1291 1110 Iovemsimilitudinempugnuutisintcrsidero
1305 1039 1394 1085 coa-

295 1123 465 1192 stitur'sae.
517 1121 638 1214 Attigit
661 1144 728 1212 non
753 1120 922 1190 nominato
947 1129 1084 1188 auctore
1112 1118 1278 1188 '1heood
1300 1120 1395 1188 Arati

295 1226 422 1296 Phaen.
438 1248 468 1295 v.
482 1221 544 1297 75.
572 1221 679 1302 οὗτος
693 1225 736 1296 δι’
754 1227 829 1296 ἐστι
844 1215 939 1294 sard
955 1218 1092 1300 τιναςὸ
1110 1218 1305 1316 Ἡρακλῆς·
1328 1219 1394 1294 ου’-

295 1322 362 1400 τδν
378 1321 448 1420 ydp
462 1319 530 1398 τόν
548 1322 736 1418 Ἠρακλέα
761 1329 837 1403 τοῖς
857 1321 990 1416 Λίγοοι
1007 1323 1252 1415 πολεμοῦντα,
1274 1327 1392 1396 ἐπιλι-

295 1423 438 1501 πόντων
461 1424 561 1521 αὐτῷ
583 1427 655 1499 τών
682 1419 930 1516 τοξευμάτων,
945 1424 1002 1498 ἐπὶ
1019 1418 1106 1515 γόνυ
1122 1431 1243 1499 πιοιῖν
1257 1425 1316 1497 soi
1333 1425 1395 1497 λί-

294 1539 379 1610 θοις
391 1522 553 1620 βάλλειν,
569 1526 629 1606 οὓς
647 1523 748 1620 αὐτῷ
760 1521 952 1604 δσινΖιώς.
969 1527 1159 1618 Disputavit
1176 1526 1220 1594 dc
1234 1527 1396 1616 Aeschyli

295 1630 444 1698 versibus
459 1629 586 1722 primus
598 1629 643 1696 lt
659 1627 851 1720 Stephanus
861 1627 905 1694 ad
916 1627 1123 1718 Aeschylum
1138 1653 1175 1720 p.
1192 1627 1279 1702 351.
1297 1629 1396 1696 dein-

296 1733 340 1801 de
362 1731 401 1802 P.
422 1723 621 1824 Leopardus
646 1729 791 1798 Emend.
815 1731 855 1798 V.
877 1728 936 1798 lt.
960 1731 995 1798 in
1016 1729 1152 1800 Gruteri
1173 1731 1265 1799 Face
1283 1732 1398 1798 critica

295 1835 361 1903 vol.
385 1834 444 1905 111
465 1859 500 1926 p.
520 1833 656 1906 louet
676 1833 856 1902 Salmasius
874 1831 994 1900 Exerc.
1016 1832 1100 1930 Plin.
1116 1858 1153 1926 p.
1172 1831 1232 1904 42.
1247 1833 1294 1902 Et
1309 1857 1340 1902 v.
1358 1833 1394 1906 ’1.

296 1936 433 2026 quidem
456 1935 673 2004 casaubonus
697 1927 882 2030 ώπιρσχών
898 1935 1113 2027 corrigebat,
1139 1937 1192 2004 cui
1217 1937 1398 2020 iurecon-

295 2039 430 2107 tradixit
446 2038 637 2108 Salmasius.
688 2031 880 2130 I'oyydiov
892 2038 965 2129 ipse
982 2037 1062 2105 dedi
1075 2061 1140 2130 pro
1158 2032 1396 2136 στρογγύλων.

264 2161 270 2178 ’
296 2138 459 2227 laidem,
485 2137 546 2209 sed
563 2141 694 2224 timens,
718 2139 832 2208 incidit
851 2139 1119 2210 Scholefieldius.
1172 2141 1213 2210 V.
1237 2139 1271 2210 8.
1298 2142 1398 2233 lege-

295 2245 396 2313 batur
408 2243 500 2336 apud
510 2243 713 2334 Strabonem
725 2241 778 2322 οἷς
789 2243 914 2315 ἔπειτα
927 2237 1120 2336 συμβαλών
1131 2237 1285 2340 δῃώσιις.
1301 2245 1395 2312 Leo-

295 2347 422 2440 pardus
443 2354 478 2414 et
499 2345 697 2432 Salmasius,
724 2343 777 2425 οἷς
800 2345 924 2417 ἔπειτα
946 2339 990 2417 od
1011 2339 1133 2438 βαλών
1155 2339 1297 2427 διώξεις.
1326 2345 1397 2413 Ve-

201 2499 215 2512 .·
294 2473 369 2520 ram
384 2450 583 2540 scripturam
599 2441 736 2527 διώσεις
750 2445 922 2515 Seidlerns
936 2447 980 2516 de
994 2471 1097 2520 verss.
1113 2446 1249 2516 dochm.
1261 2471 1297 2539 p.
1311 2447 1395 2516 loz.

295 2553 355 2620 ubi
370 2571 434 2643 per
449 2571 598 2618 errorem
618 2543 747 2630 διώσας
763 2549 934 2640 scriptum,
957 2558 1083 2620 stante
1100 2573 1178 2619 eum
1193 2550 1395 2638 Erfurdtius‚

297 2652 508 2743 eodem‘quo
528 2652 584 2720 ille
601 2649 773 2743 Euripidis
796 2652 873 2720 loco
893 2651 928 2719 in
948 2652 1084 2724 Heracl.
1110 2649 1196 2721 995.
1217 2675 1318 2744 usus,
1343 2653 1394 2722 in·

297 2753 659 2826 veneruntz‘sedmulto
667 2762 743 2823 ante
755 2763 936 2843 utrumque
948 2753 1041 2823 idem
1049 2755 1179 2824 viderat
1186 2756 1395 2849 Leopardus.

397 2859 593 2928 Edoctusne
618 2859 659 2926 sit
680 2857 714 2926 in
735 2856 897 2948 Aeschyli
916 2857 1031 2926 fabula
1042 2881 1064 2926 a
1083 2859 1289 2950 Prometheo
1303 2859 1396 2928 Her-

184 3021 188 3036 ,
299 2963 409 3048 cules,
444 2961 618 3052 quomodo
644 2960 785 3030 Atlantis
816 2980 885 3052 ope
908 2961 1017 3030 aureis
1037 2963 1148 3054 pomis
1167 2961 1399 3054 Hesperidum

248 3073 298 3144 28
305 3065 482 3157 potiretur,
509 3063 553 3132 de
574 3085 643 3154 qua
661 3085 700 3130 re
722 3061 883 3154 scriptum
906 3073 956 3132 est
973 3063 1068 3156 apud
1090 3065 1338 3156 Apollodorum
1353 3065 1397 3134 ll.

299 3167 335 3252 5,
355 3165 412 3235 11.
427 3161 462 3261 §
476 3163 536 3234 13.
554 3175 588 3236 et
605 3164 817 3234 scholiastam
830 3165 1002 3257 Apollonii
1013 3166 1141 3236 Rhodii
1153 3163 1199 3235 ad
1212 3167 1270 3237 lv.
1286 3166 1396 3238 1396.

296 3270 400 3338 hodie
421 3269 624 3360 ignoramus.
675 3267 757 3336 Veri
780 3277 892 3336 tamen
909 3269 1015 3338 simile
1039 3278 1105 3356 est,
1131 3269 1200 3339 istis
1220 3271 1255 3338 iu
1273 3272 1398 3340 itineri-

297 3373 360 3440 bus
384 3371 611 3440 describendis
628 3369 800 3440 fabulosos
821 3371 896 3438 illos
917 3366 1181 3466 κυνοκεφάλους
1197 3382 1231 3441 et
1248 3400 1398 3468 στερνο-

298 3468 492 3568 φθώλμους
515 3482 794 3542 commemoratos
819 3496 910 3560 esse,
936 3496 1022 3565 quos
1042 3473 1166 3544 Strabo
1190 3475 1217 3543 1.
1232 3500 1267 3568 p.
1281 3475 1342 3548 43.
1364 3485 1399 3544 et

296 3577 371 3644 Vll.
391 3600 427 3668 p.
450 3574 535 3644 299.
565 3575 779 3667 Apollodoro
801 3585 938 3645 auctore
960 3578 1004 3645 ab
1019 3576 1193 3668 Aeschylo
1214 3578 1322 3648 dictos
1344 3580 1398 3650 ait.

296 3679 399 3762 Certe
422 3700 508 3768 quos
530 3679 709 3767 utrubique
736 3679 849 3747 tertios
873 3678 967 3748 addit
997 3674 1283 3773 μονομμώτοος,
1319 3683 1399 3752 Ari-

297 3783 405 3874 maspi
427 3789 519 3867 sunt,
546 3781 589 3850 de
616 3781 737 3871 quibus
759 3782 794 3848 in
818 3781 939 3850 vincto
960 3781 1167 3852 Prometheo
1190 3792 1250 3853 cst.
1302 3785 1398 3869 Quos

297 3885 350 3953 his
367 3884 448 3952 alios
474 3885 545 3952 aliis
564 3883 831 3953 deformitatibus
846 3884 993 3976 insignes
1010 3886 1159 3978 populos
1171 3886 1317 3954 Tzetzes
1335 3886 1398 3954 ad-

297 3987 366 4055 iicit
382 3987 468 4056 Chii
483 3987 559 4061 Vll.
577 3983 654 4056 too
664 4025 708 4037 —
722 3983 808 4059 368.
826 4009 893 4054 non
911 3987 1065 4056 videntur
1079 4011 1121 4056 ex
1137 3989 1310 4080 Aeschylo
1324 4011 1399 4058 esse

299 4090 441 4159 collecti.

402 4190 559 4278 Aquilam
584 4193 842 4283 interempturus
863 4189 1029 4260 Hercules
1047 4193 1240 4284 Apollinem
1259 4195 1399 4262 invoca—

299 4296 368 4364 bat
421 4293 621 4400 Plutarchus
642 4296 675 4364 in
698 4295 873 4364 Amatorio
890 4317 928 4388 p.
954 4290 1041 4364 757.
1059 4295 1102 4364 D.
1118 4295 1160 4365 E.
1188 4293 1398 4405 ‘5³55less

1109 4711 1145 4774 J
