2918 4890
534 241 621 305 LlB.
641 243 696 305 lll.
741 245 842 307 clu.
865 247 896 310 8.
1211 253 1275 318 14³

151 425 284 511 Quoue
299 428 332 494 in
349 427 432 498 locis
451 431 652 501 coniunctivi
667 433 884 528 significaturi
898 445 1028 521 essent,
1056 436 1119 528 qui
1135 461 1269 512 oreere

151 531 385 626 reperiatur,
420 543 461 600 ut
493 536 707 656 reperiatur
736 540 791 606 ad
814 547 1034 608 senectutem
1051 544 1265 632 peruenire:
1284 582 1304 621 ς

150 635 291 725 optativi
309 644 421 702 antem
439 636 573 704 Ιιεεο
542 663 591 707 vis
611 649 679 709 est.
704 642 766 760 oui
784 650 938 733 putetur
963 656 1265 741 aroere3ut1m-

151 745 249 807 tetur
262 738 317 804 ud
332 749 551 810 senectutem
558 765 765 834 pervenire
795 744 883 812 Vide
897 746 942 812 ad
956 745 1065 837 Soph.
1080 747 1133 822 Ai
1148 749 1263 829 12⁰⁰.

131 837 135 854 ¹
252 841 311 910 Sic
328 842 428 909 etiam
443 867 520 912 cum
537 847 664 915 voculis
681 848 972 920 conditionalibus,
999 849 1095 923 Iliad.
1114 877 1146 948 ρ.
1167 851 1203 928 ’ί

200 989 344 1086 πρόσθε
361 996 403 1068 δι’
416 1023 463 1067 οι
443 989 613 1090 do'ov’
574 1025 597 1068 r
631 1000 712 1088 ἔσχε
733 1028 792 1071 και
785 995 942 1072 ἀσπίδα
957 993 1116 1074 πόντον
1133 1008 1242 1105 ε’ίσην,

200 1091 267 1170 νόν
287 1091 467 1190 κτοίμεναι
479 1095 648 1193 μεμαοίς,
675 1101 770 1184 derce
783 1102 853 1178 τοῦ
868 1098 906 1196 7'
923 1099 1047 1186 οἱντίος
1064 1106 1182 1182 ἔλθοι.

150 1247 264 1326 Odi.
283 1249 369 1320 28Ί

812 1405 901 1530 οὐδέ
913 1437 951 1482 τι
968 1405 1107 1535 Νηλειίς

199 1535 250 1602 σῳ
237 1506 413 1588 ἐδίδου,
441 1508 479 1590 ὃς
491 1537 542 1635 μη
534 1503 678 1592 ἕλικας
689 1505 781 1604 βόας
795 1507 1071 1607 εὐρυμετώπους
1179 1561 1185 1571 ·

73 1620 76 1625 '
199 1615 238 1682 ἐκ
261 1607 428 1709 Φυλοίκης
444 1608 583 1687 ἐλάσειε
595 1615 676 1712 βίης
688 1610 911 1714 Ἰφικληείης

147 1763 285 1840 ι..138

198 1915 323 1994 ἀλλ”
299 1949 363 1994 ονε
383 1913 429 2016 δη
442 1918 582 1992 κοίτοιο
605 1920 665 1992 καί
680 1916 795 1995 ὕπνον
813 1917 1080 2019 μιμνήσκοιτο,

152 2022 302 2120 ἢμὲν
325 2020 488 2115 δίμνι
462 2050 598 2116 ανωγεν
617 2021 861 2118 ιίποστορέσαι
879 2027 1049 2122 δμσῆσιν.

48 2259 51 2263 .
144 2175 233 2256 Nam
251 2185 344 2245 recta
359 2174 509 2244 oratione
525 2175 656 2243 haec
631 2199 678 2243 sle
692 2176 902 2247 dicerentur·
929 2178 1055 2268 urard,
1084 2174 1177 2260 ὅςτις
1191 2175 1257 2255 οἷν-

144 2278 225 2353 πίον
243 2280 354 2376 ἔλθη·
382 2276 427 2353 ov'
444 2273 544 2362 doiou
554 2334 568 2367 ,
593 2276 632 2358 ὃς
651 2272 706 2375 μή
721 2274 846 2376 ε’λοίση·
868 2279 1166 2376 ιίποσιορέσατε,
1193 2281 1256 2359 ὅτι
1363 2344 1365 2351 „
1447 2331 1454 2348 ·

144 2376 537 2481 κοίτονμιμνήσκηναι.
564 2381 679 2475 Magis
693 2379 966 2476 ambiguumhoe
981 2383 1105 2511 estlld.
1120 2414 1153 2459 τ
1168 2381 1256 2456 510.

194 2536 254 2610 καί
274 2564 344 2633 γαρ
363 2528 408 2629 δή
422 2535 561 2608 κοίτοιο
579 2529 651 2628 τοίχ
657 2531 823 2634 ηδέος”
801 2563 947 2613 εσσεναι
964 2503 1038 2637 ὥρη
1047 2593 1062 2628 ,
1154 2602 1157 2607 .

196 2634 324 2713 ὅντινοί
341 2644 381 2733 ν’
398 2636 508 2720 ὕπνος
527 2645 603 2714 ἕλοι
620 2635 796 2754 ηλυκερος.

143 2794 265 2883 Neque
289 2795 377 2862 enim
404 2793 524 2881 mirer,
557 2795 585 2862 si
611 2795 683 2884 quis
707 2790 764 2862 hic
795 2794 1040 2862 coniunctivnm
1072 2805 1253 2887 exspectet

144 2896 214 2966 Sed
234 2921 338 2986 quum
363 2895 468 2991 addat
492 2896 667 2989 Penelope
688 2921 725 2966 se
747 2920 816 2965 non
833 2919 935 2989 posse
958 2895 1123 2980 dormire,
1153 2898 1253 2967 facile

142 3000 352 3091 intelligitur,
376 3024 451 3069 eam
467 3022 532 3091 per
554 3001 741 3093 optativum
761 3001 829 3068 hoo
850 3000 983 3085 dicere,
1011 3000 1072 3091 qui
1093 3011 1252 3095 reputet

143 3104 389 3173 dormiturum
405 3125 493 3173 esse.
545 3104 681 3172 Eodem
695 3103 808 3173 modo'
815 3103 912 3176 Iliad
928 3131 959 3197 η.
977 3099 1062 3174 299.

194 3251 395 3352 οππότεροι
409 3249 586 3351 πρότεροι
604 3254 694 3351 ὕπερ
713 3254 820 3354 ὅρκια
834 3249 1054 3382 πημήνειαν,

193 3356 264 3432 ωδέ
275 3387 324 3454 σιμ
333 3357 549 3454 ἐγκέφαλος
562 3354 758 3452 χαμοίδις“
735 3363 834 3455 piot,
862 3385 907 3439 ως
923 3353 1039 3430 ita*
1001 3383 1105 3438 οινος.

140 3497 278 3586 Atque
269 3506 315 3563 ita
333 3496 480 3563 dicturus
497 3505 585 3583 erat,
607 3495 751 3564 etiamsi
769 3502 838 3564 no'n
860 3495 957 3590 piot,
984 3492 1084 3562 sed
1062 3491 1167 3590 ρείνοι
1183 3515 1250 3584 po-

141 3600 267 3670 suisset.
320 3601 410 3666 Nam
426 3600 453 3666 si
475 3592 663 3695 πημήνωσι
679 3599 834 3688 dixisset,
861 3599 1012 3665 futurum
1032 3619 1103 3664 esse
1122 3595 1250 3662 iudica-

122 3712 214 3785 τοι,
240 3712 277 3770 ut
299 3702 446 3769 alterutri
471 3713 714 3771 sacramentnm
736 3703 913 3771 violarent:
939 3722 1027 3767 nuno
1045 3720 1126 3765 vero
1147 3707 1252 3790 opta-

54 3883 57 3888 ,
139 3807 243 3873 tivum
253 3805 377 3897 posuit,
399 3802 436 3873 ut
445 3805 581 3894 diceret,
608 3807 642 3876 si
658 3829 762 3899 quem
769 3815 939 3899 putemus
949 3802 1142 3895 periurum
1145 3801 1249 3895 sore.

140 3907 197 3976 Ob
212 3908 366 3977 eamdem
387 3932 538 3976 caussam
552 3910 798 3979 Demosthenes
819 3909 854 3976 in
868 3907 1017 3975 Τισιοοι.
1032 3928 1068 3996 p.
1086 3903 1173 3991 747,
1190 3903 1249 3974 13.
1294 3957 1296 3964 .

138 4011 236 4098 dixit,
259 4010 318 4083 καί
331 4011 522 4105 ἑπαρσῖμαι
538 4008 702 4094 ἐξώλειαν
716 4011 836 4106 ἑαυτῷ
851 4008 910 4083 καί
927 4005 1023 4102 οἰκίη
1039 4006 1086 4104 τῇ
1101 4006 1250 4095 ἑαυτοῦ,

140 4116 223 4186 εἴτι
239 4108 679 4210 νοιίτωνπαραβαίνοιμι.
724 4117 813 4184 Nam
830 4115 858 4183 si
872 4110 915 4205 ἦν
931 4110 1088 4208 παραβῶ
1103 4110 1251 4194 dixisset,

16 4230 19 4236 '
137 4217 280 4285 salsurus
300 4217 406 4285 fidem
423 4216 605 4285 videretur.

186 4336 308 4404 Hunos.
335 4335 479 4408 01».1v.
1007 4331 1042 4398 K
