2918 4890
146 256 149 263 ’
179 290 202 362 8
519 284 576 345 nu
598 279 867 344 erurrcvnr
887 276 936 347 uu

180 483 257 546 unte¹
271 496 359 571 nunc
371 476 450 566 post
463 471 511 547 ἄν
529 481 715 565 ponuntur,
740 471 854 566 prouti
872 472 979 563 magis
993 470 1038 539 ad
1053 495 1288 565 praegressum

180 602 317 664 vocem,
342 579 397 646 vel
411 577 456 644 ed
471 585 577 645 totam
593 577 786 645 sententiam
801 581 961 666 spectant.
1001 576 1093 660 Quin
1107 577 1184 644 illae
1198 601 1288 668 quo-

181 705 248 772 que
267 682 533 767 coniunctiones,
559 703 643 769 quas
656 689 733 748 aute
749 679 961 763 dicebamus,
987 679 1074 766 μέν,
1110 680 1168 768 δέ,
1204 675 1287 776 γάρ,

179 793 215 852 et
236 800 324 874 quae
352 791 428 850 suut
452 783 537 850 aliae
552 781 762 867 huiusmodi,
789 789 882 848 certa
898 781 1089 849 conditione
1104 783 1206 850 etiam
1218 793 1287 852 sta·

102 911 105 914 ⁴
165 868 240 954 ‘tim
253 894 332 977 post
343 882 389 955 ἄν
403 878 619 958 collocantur.
671 883 727 952 Fit
737 884 816 970 hoc,
838 882 897 950 ubi
912 881 958 954 dr
972 883 1027 950 rel
1040 884 1100 955 κὲν
1114 907 1192 952 cum
1204 910 1287 977 par·

138 1012 142 1020 ’
179 989 288 1056 ticulis
311 985 585 1061 conditionalibus
606 986 661 1054 vel
689 985 944 1077 pronominibus
967 985 1111 1053 relativis
1134 989 1189 1055 rel
1215 989 1287 1056 aliis

179 1090 344 1158 vocibus
335 1099 380 1156 uta
391 1089 603 1157 coniunctum
613 1098 673 1173 est,
690 1098 728 1156 ut
742 1097 799 1155 aut
813 1087 974 1154 coaluerit
989 1110 1066 1155 cum
1082 1089 1120 1157 iis
1136 1090 1169 1157 in
1185 1113 1288 1159 unam
1360 1126 1363 1131 ·

154 1230 161 1239 ·
180 1191 415 1278 dictionem,
397 1201 454 1259 aut
469 1215 535 1284 pro
550 1215 617 1267 una
635 1202 748 1258 tamen
763 1191 940 1258 habeatur.
993 1185 1172 1311 ltaque’
1128 1219 1193 1264 εαα
1206 1198 1286 1287 μέν,

179 1288 290 1368 insule
307 1292 413 1415 δεῖᾘ
391 1321 482 1367 οταν
496 1286 578 1388 γάρ,
605 1287 745 1366 ὁπόταν
761 1321 802 1366 τι
817 1293 956 1374 dicitur3
982 1302 1016 1360 et
1032 1295 1079 1361 sic
1093 1295 1193 1362 etiam
1207 1291 1288 1367 eric
1393 1324 1396 1329 ·

179 1395 225 1469 ἄν
244 1398 303 1485 δέ,
331 1392 426 1489 ἡνίκ’
445 1394 492 1467 ἄν
514 1397 572 1483 δέ,
599 1395 671 1464 et
650 1421 688 1474 ος
706 1422 752 1466 αν
769 1396 826 1483 ds',
852 1405 891 1463 ut
911 1395 1003 1486 apud
1025 1388 1240 1466 Herodotum
1261 1398 1288 1468 1

178 1497 265 1573 138.
295 1498 367 1565 Vll.
382 1496 419 1581 8,
437 1495 514 1564 4⁴¹
465 1524 530 1578 oc
545 1524 592 1570 αν
607 1499 675 1589 μιν
689 1523 753 1569 rev
767 1497 861 1589 apud
876 1498 1032 1566 eumdem
1040 1499 1108 1605 111
1122 1498 1183 1568 72.
1215 1501 1289 1570 Sed

178 1624 283 1691 quum
298 1600 448 1667 divisim
439 1609 502 1667 usta
515 1599 680 1685 dicuntur,
701 1610 740 1666 ιιι
758 1603 793 1671 εἰ
804 1599 870 1691 ἄν,
886 1623 955 1668 ιιοιι
969 1564 1082 1726 potest
1094 1604 1189 1692 sequi
1203 1627 1288 1670 con-

177 1704 320 1788 iunctio,
347 1701 408 1771 sed
422 1701 532 1773 media
547 1703 683 1797 pomtur
695 1702 781 1770 mter
797 1726 872 1787 eas,
892 1712 928 1770 ut
944 1730 976 1774 ει
972 1700 1082 1774 d
1056 1733 1124 1792 αν,
1151 1705 1227 1779 ἐπεὶ
1249 1703 1288 1779 d

62 1824 68 1836 ‘
179 1805 243 1895 du,
271 1801 390 1878 ὅτιδ
415 1803 471 1878 ἄν.
522 1804 621 1874 Vnde
645 1806 745 1873 etiam
768 1801 958 1878 sdced’*
933 1833 978 1876 αα
996 1815 1030 1873 et
1052 1804 1266 1901 ἠαι’καδ’“
1241 1837 1288 1881 αν

177 1918 269 1977 recte
284 1907 350 1975 dici
365 1917 516 1999 apparet
569 1908 616 1976 Et
640 1907 678 1988 ὃς
701 1903 737 1981 d’
762 1906 808 1979 ἄν
831 1907 968 1998 quidem
980 1910 1181 2000 plerumque
1200 1910 1288 1979 divi-

179 2013 240 2079 sim
268 2011 405 2099 dicitur,
437 2011 499 2079 sed
515 2011 587 2079 fere
610 2034 688 2079 cum
713 2010 861 2100 quodam
887 2012 1062 2102 potestatis
1088 2013 1287 2082 discrimine.

49 2179 51 2182 ,
177 2115 330 2200 Pertinet
348 2114 416 2182 huc
440 2116 541 2183 etiam
565 2107 714 2204 τάχιστ’
734 2112 781 2185 αἶα
803 2141 844 2187 τι
866 2113 959 2206 apud
984 2115 1143 2205 Thucyd.
1160 2117 1205 2189 11.
1226 2117 1287 2189 63.

177 2219 256 2292 Κὲα
278 2241 358 2286 vero
374 2241 484 2307 'quum
506 2217 573 2286 hac
597 2218 707 2284 forma
728 2239 910 2307 numquam
929 2219 1096 2286 coalescat
1121 2241 1198 2286 cum
1223 2221 1288 2288 alia

107 2325 112 2337 “
177 2342 279 2405 voce,
305 2342 441 2411 semper
455 2320 679 2388 coniunctioni
693 2317 923 2412 postponitur:
951 2323 986 2392 εἰ
1004 2323 1046 2393 δέ
1058 2348 1097 2392 ιιι
1113 2316 1167 2416 μή
1184 2316 1287 2395 δώω-

178 2448 247 2495 σιν.
274 2423 349 2490 Sed
360 2422 571 2490 Doriensium
586 2422 701 2512 lingue
712 2421 745 2487 in
762 2447 806 2492 αα
820 2431 983 2489 mutatum
996 2425 1169 2493 coalescit:
1195 2424 1287 2494 unde

176 2525 353 2622 praecedit
368 2526 654 2592 coniunctionem:
672 2525 756 2593 αἴκα
776 2519 817 2594 d'
837 2523 931 2616 ἄρνα
946 2518 1038 2620 λα’βῃ
1055 2526 1162 2620 τῆνος
1171 2530 1285 2618 γέρας.

176 2630 291 2713 Atque
304 2627 391 2694 haec
407 2627 543 2717 quidem
559 2627 602 2694 de
613 2625 844 2694 collocatione
866 2626 1029 2695 universe.
1081 2630 1170 2697 Nam
1188 2632 1287 2724 plura

178 2753 221 2800 ex
231 2730 299 2798 hoc
314 2752 440 2823 genere
460 2730 549 2801 iufra
565 2729 631 2800 suis
645 2729 726 2800 locis
746 2728 937 2825 promenda
953 2739 1059 2800 eruut.

705 2934 764 3003 111.

423 3060 1044 3183 uesrgerftcara.

279 3241 378 3310 Nunc
400 3239 444 3308 de
459 3241 645 3333 significatu
669 3240 788 3308 harum
811 3243 1051 3332 particularum
1068 3241 1285 3334 explicemus.

149 3405 157 3413 ,,
176 3344 241 3415 Est
255 3354 369 3412 autem
384 3344 487 3412 nihil
478 3363 513 3411 m
528 3343 717 3442 linguarum
735 3345 863 3411 ratione
877 3344 1057 3427 difficilius
1085 3369 1187 3435 quam
1202 3369 1285 3436 par-

101 3500 105 3518 ,
169 3436 352 3515 'ticularum
377 3447 444 3514 viru
466 3470 506 3513 ac
521 3448 722 3537 potestatem
741 3448 952 3539 perspicere,
979 3449 1200 3537 distincteque
1223 3449 1286 3516 de-

178 3552 328 3618 clarere.
368 3549 467 3632 Quae
481 3571 585 3638 quum
606 3549 806 3643 plerumque
825 3573 925 3618 sensu
945 3552 1094 3640 quodum
1112 3552 1285 3642 percipia-

169 3663 249 3738 tur,
276 3675 318 3721 ex
339 3648 495 3720 obscuris
506 3661 541 3719 et
562 3652 737 3719 latentibus
759 3653 946 3720 notionibus
963 3653 1171 3744 prodeunte,
1194 3654 1286 3721 diffl-

61 3776 69 3829 ,“
177 3757 298 3824 cillime
311 3755 463 3823 revocari
479 3754 524 3821 ad
542 3755 648 3822 claras
669 3763 702 3823 et
715 3754 883 3824 distinctas
903 3757 1054 3823 notiones
1071 3765 1203 3849 potest,
1229 3779 1286 3823 re-

175 3868 363 3947 vocataque
389 3880 493 3948 saepe
516 3859 684 3926 evanescit
705 3858 832 3951 magis,
864 3881 966 3946 quam
988 3856 1286 3957 comprehenditur
1390 3914 1391 3918 ,

149 3984 217 4030 “uc
237 3962 413 4047 retinetur,
439 3970 476 4027 ut
492 3983 578 4048 quae
594 3960 662 4029 hoc
682 3961 804 4051 ipsum,
827 3962 938 4029 sentiri
953 3962 1081 4052 potius,
1110 3985 1212 4052 quam
1232 3963 1286 4029 in-

166 4060 384 4158 ‘telligrveliu
437 4052 580 4132 Accedit
594 4063 688 4157 quod
709 4064 948 4154 plerarumque
962 4065 1200 4154 particularum
1215 4073 1286 4131 tam

166 4169 268 4237 ¹varin
281 4166 439 4248 est-ratio,
465 4174 601 4256 tamque
616 4166 792 4257 multiplex
805 4188 896 4256 usus,
917 4176 954 4234 ut
969 4168 1119 4256 quamvis
1138 4169 1287 4258 diligen-

176 4280 228 4340 ter
249 4270 411 4364 explices,
445 4264 559 4339 tamen
581 4291 684 4362 aegre
706 4269 871 4358 invenias,
904 4270 997 4361 quod
1019 4273 1143 4390 ubique
1168 4281 1286 4364 aptum
