2918 4890
490 255 966 319 DISSERTATIO.
1215 261 1280 325 295

174 445 316 538 puerile,
343 467 385 512 ue
400 445 595 538 hyperbole
607 445 756 536 quidem,
782 447 899 536 quales
912 447 1071 516 iratorum
1080 458 1165 535 sunt,
1190 471 1277 541 pue-

175 549 243 616 rilis
256 548 362 616 videri
378 548 513 636 debeat,
538 549 601 617 nisi
615 550 642 617 si
657 548 796 616 modum
814 549 971 618 excedatz
997 550 1091 639 quod
1106 574 1210 641 quum
1228 553 1276 638 fit,

176 651 276 719 etiam
288 653 338 718 ira
350 651 517 721 videbitur
531 652 616 720 iusto
634 652 741 719 maior
757 675 851 730 esse,
874 662 911 720 ut
924 654 1000 745 ipsa
1017 655 1148 745 potius,
1172 678 1275 744 quam
1453 735 1456 740 .

174 755 366 846 hyperbole
381 738 422 823 sil
442 754 735 847 reprehendenda.
788 756 862 823 Nec
879 757 1035 848 profecto
1052 758 1086 825 in
1106 758 1160 844 iis,
1188 769 1275 848 quae
1365 845 1367 848 Α

175 857 219 926 de
240 859 308 925 filia
329 859 593 949 Agamemnonis
615 858 697 926 dicit
717 858 884 943 Achilles,
911 859 1095 949 quidquam
1116 871 1166 928 est
1183 861 1276 950 quod

174 961 358 1052 vituperari
370 963 492 1052 possit.
543 962 662 1031 Altero
675 971 787 1055 autem
805 960 895 1029 dicto
912 973 1005 1030 recte
1020 961 1168 1032 offensus
1180 964 1275 1033 vide-

174 1072 228 1130 tur
248 1065 465 1151 Aristoteles,
491 1064 570 1150 sed,
597 1087 664 1153 qua
687 1075 738 1132 est
761 1065 941 1143 brevitate,
975 1088 1043 1133 non
1067 1065 1150 1134 dixit
1170 1090 1273 1158 argu·

173 1176 296 1239 menta.
347 1168 427 1235 Non
440 1166 722 1258 reprehendisset,
748 1168 880 1258 opinor,
907 1169 934 1237 si
948 1167 1027 1255 hoc,
1055 1177 1089 1236 et
1100 1169 1181 1237 nihil
1202 1194 1276 1238 am-

173 1269 261 1360 plius
282 1270 410 1337 diceret
434 1270 594 1338 Achilles.
645 1268 709 1338 Est
733 1271 820 1337 enim
836 1269 922 1338 haec
943 1270 1137 1362 hyperbole
1157 1295 1199 1340 ex
1217 1274 1276 1341 illo

172 1395 309 1465 genere,
336 1372 430 1462 quod
441 1395 504 1441 usu
519 1372 727 1441 debilitatum
743 1382 802 1441 est.
843 1375 889 1443 At
904 1373 1019 1441 videat
1035 1374 1116 1442 mihi
1130 1376 1203 1465 quis
1220 1383 1275 1443 to-

173 1484 244 1557 tum
254 1476 348 1543 illum
367 1477 503 1559 locum,
529 1473 626 1547 Iliad.
644 1474 703 1543 lx.
724 1473 810 1548 319.

132 1662 134 1664 ·
224 1622 307 1699 οὐδ’
324 1629 361 1698 εἴ
369 1655 437 1718 μοι
453 1620 591 1707 δεκάκις
605 1654 647 1699 τε
661 1626 720 1698 ναὶ
737 1621 912 1708 εἰκοσάκις
926 1623 1018 1701 τόσα
1034 1627 1131 1724 δοίη,
1276 1631 1324 1698 la

224 1726 315 1801 ὅσσα
333 1730 376 1802 σε’
393 1735 430 1801 οἱ
444 1728 509 1801 νόν
523 1727 621 1818 ἐστι’,
648 1729 708 1800 ναὶ
724 1731 889 1802 sinodus
905 1728 996 1803 ἄλλα
1012 1733 1174 1821 με’·νοιτο·

225 1834 294 1903 ανδ
323 1858 367 1902 oo
397 1859 432 1912 ες
457 1829 671 1926 Ορχόμενον
686 1831 951 1918 ποτινίσσεται,
971 1828 1053 1903 οὐδ’
1068 1829 1137 1904 ὅσα
1151 1824 1275 1926 Θήβας

185 1932 188 1950 ’
224 1932 444 2025 Αἰγυπτίας,
471 1932 538 2007 ὅθι
550 1937 701 2005 πλεῖστα
718 1925 845 2023 δόμοις
862 1933 902 2005 ἒν
916 1929 1086 2026 κτήματα
1105 1938 1240 2021 κεῖται,

226 2031 309 2108 αἴθ’
328 2030 573 2128 ἑκατόμπυλοί
591 2037 677 2121 εἰσι,
707 2028 881 2132 διηκόσιοι
898 2031 934 2107 δ’
949 2031 1009 2106 εἶν’
1024 2029 1176 2132 ἑκάστην

223 2134 347 2230 οἷνέρες
367 2137 561 2227 ἐξοιχνεῦσι
580 2129 646 2208 σόν
664 2144 829 2208 ἵπποισιν
842 2137 899 2208 καὶ
914 2135 1080 2230 ὄχεσφιν·

223 2236 306 2311 ov’d'
322 2242 435 2331 εἴμσι
450 2235 543 2312 τόσα
561 2237 659 2334 δοίη,
686 2236 754 2309 ὅσα
772 2232 950 2332 ψάμαθός
969 2267 1009 2310 σε
1024 2233 1120 2318 κόνις
1138 2265 1177 2309 σε
1187 2293 1200 2326 ,

208 2392 209 2396 =
224 2338 312 2414 οὐδέ
324 2368 383 2413 ιιεν
397 2340 442 2422 oie
459 2343 514 2414 ἔτι
529 2335 654 2433 θυμόν
668 2334 757 2432 ἐμόν
771 2337 895 2412 πείσει’
917 2335 1171 2432 Ἀγαμέμνων,

223 2443 309 2540 πρίν
324 2439 362 2535 γ’
378 2441 451 2516 dno
467 2443 587 2516 ποῖσαν
603 2441 685 2535 ἐμοὶ
701 2435 853 2534 δόμεναι
867 2436 1059 2536 θυμαλγέα
1076 2437 1207 2539 λώβην.

170 2598 242 2665 Tot
255 2597 394 2664 aliarum
407 2618 520 2663 rerum
534 2595 852 2664 commemoratione
862 2617 1064 2687 praegressa
1078 2594 1145 2664 non
1165 2600 1273 2688 potuit

169 2724 284 2769 versus
300 2701 357 2767 ille
373 2701 420 2768 sie
437 2699 546 2788 adiici,
572 2707 609 2766 ut
621 2722 686 2791 pro
700 2708 779 2767 nota
793 2707 826 2766 ct
844 2699 961 2766 usitata
976 2699 1103 2767 ratione
1113 2701 1271 2790 loquendi

169 2803 370 2872 haberetur:
406 2803 584 2894 langueret
607 2803 714 2871 enim:
747 2824 858 2891 neque
879 2824 961 2868 sero
989 2802 1136 2892 augendi
1156 2826 1272 2870 caussa
1333 2867 1334 2871 ,

169 2916 249 2999 apte
269 2906 402 2975 additus
422 2915 487 2974 est:
513 2928 592 2974 uam
611 2906 671 2973 etsi
693 2928 813 2973 arenae
834 2904 961 2971 infinito
977 2903 1084 2972 maior
1099 2928 1199 2996 quam
1218 2905 1271 2972 di-

169 3003 375 3087 vitiarum'in
398 3006 607 3077 Orchomeni
625 3008 680 3076 rel
699 3007 896 3076 Thebarum
924 3007 1088 3074 thesauris
1114 3032 1270 3076 numerus

170 3122 231 3199 est,
256 3114 420 3180 minorem
434 3120 546 3179 tamen
560 3111 605 3178 ad
620 3111 748 3178 animos
763 3109 967 3177 audientium
975 3110 1042 3176 vim
1055 3110 1169 3196 habet,
1193 3113 1271 3201 quia

169 3215 357 3306 splendoris
386 3214 587 3307 cogitatione
616 3238 636 3282 a
662 3213 780 3282 divitiis
802 3213 866 3280 illis
890 3221 1075 3303 superatur.
1130 3214 1271 3310 Accedit

169 3317 280 3407 quod,
307 3340 394 3407 quae
411 3317 455 3386 de
468 3317 599 3385 Thebis
618 3315 749 3384 adiecta
767 3325 860 3401 sunt,
886 3315 953 3382 iam
969 3316 1077 3407 magis
1100 3318 1269 3408 composi-

168 3431 246 3489 tum·
264 3421 412 3488 animum
442 3419 606 3510 produnt,
633 3441 735 3508 quam
763 3426 800 3484 ut
828 3417 939 3485 denuo
968 3417 1095 3508 aliquid
1123 3419 1270 3511 augendi

170 3547 285 3593 caussa
300 3522 414 3591 afferri
430 3522 613 3590 conveniat.
667 3520 837 3606 Quocirca
850 3541 918 3587 non
938 3519 1052 3612 inepte
1071 3521 1143 3611 quis
1165 3514 1269 3589 conii-

169 3629 252 3712 εἰει,
279 3650 367 3717 quae
390 3625 433 3693 de
450 3617 669 3694 Orchomeno
684 3631 718 3691 et
739 3622 869 3691 Thebis
887 3621 1060 3706 dicuntur,
1088 3646 1268 3692 ornamen-

168 3740 240 3798 tum
263 3754 356 3815 esse,
391 3728 485 3820 quod
513 3728 595 3796 alius
616 3735 720 3819 poeta
743 3725 911 3794 addiderit
930 3725 1053 3793 omisso
1077 3748 1176 3794 versu
1200 3727 1268 3816 illo,

168 3833 201 3901 in
218 3856 287 3924 quo
302 3832 345 3900 de
361 3832 469 3900 arenis
483 3840 517 3899 et
530 3831 671 3923 pulvere
689 3836 747 3898 est
774 3831 863 3897 Nam
873 3827 927 3895 vel
942 3827 1010 3894 hoc
1027 3848 1124 3897 versu
1144 3830 1268 3898 omisso
1366 3892 1371 3897 .

168 3938 222 4004 vel
238 3938 300 4003 illis
316 3935 427 4003 recisis
439 3943 521 4027 apta
539 3943 639 4024 atque
655 3933 790 4025 elegans
805 3933 866 4000 erit
884 3930 999 4000 oratio.

141 4037 143 4043 ’
226 4056 230 4063 “
271 4038 342 4107 Sed
361 4037 602 4128 explicandum
616 4047 666 4106 est
680 4036 723 4103 de
738 4036 836 4102 tertio
850 4055 977 4128 genere
999 4031 1147 4111 dicendi,
1175 4035 1266 4123 quod

169 4143 228 4208 soli
243 4143 376 4210 inservit
388 4141 487 4206 animi
502 4140 725 4208 oblectationi.
751 4137 793 4204 ld
806 4146 985 4229 poetarum
997 4135 1171 4225 potissime
1185 4159 1266 4227 pro-

169 4246 280 4336 prium
301 4253 370 4330 est,
397 4265 501 4332 quum
518 4243 571 4310 vel
592 4241 845 4310 admirationem
865 4260 1192 4329 rerummagnarum
1209 4263 1268 4308 ex-
