2918 4890
574 283 661 345 LIB.
683 285 734 348 lv.
779 284 875 350 cat’.
897 287 926 348 1.
1232 292 1295 356 lat

180 496 259 542 men
283 480 419 566 ageret,
442 473 515 564 qui,
543 471 649 541 sicubi
667 471 783 542 addita
804 475 987 565 reperitur,
1014 474 1124 543 statim
1144 475 1289 566 eiiceret3

180 600 244 645 nec
263 585 454 668 reputaret,
479 599 581 666 posse
598 600 673 645 eam
691 577 834 645 fortasse
848 577 913 645 alio
928 577 1056 646 referri.
1110 579 1162 647 Ac
1177 581 1291 649 multis

179 681 214 748 id
229 681 338 747 modis
354 680 428 748 fieri
441 688 563 771 potest.
615 681 657 748 λιι
670 680 745 770 ipso
759 681 816 748 illo
833 680 1022 748 Phalaridis
1035 681 1112 749 loco
1131 705 1187 772 ep.
1203 683 1289 765 λλλλ.
1372 749 1375 755 .

180 807 285 874 quum
314 783 391 850 libri
417 781 634 856 habeantur
661 779 1055 872 α’νιπαχθέστατον-
1074 787 1287 879 προςδέχον,

180 909 247 979 ego
273 886 412 976 quidem
432 908 499 952 non
518 883 755 954 tollendum
730 913 775 957 αν
796 894 933 977 putem,
963 885 1024 954 sed
1043 887 1284 955 addendum
1255 912 1287 982 er

180 1013 240 1069 oc:
267 1014 433 1080 σωματος
447 1015 515 1080 μιν
535 1015 605 1081 γαρ
619 994 825 1105 αρρσστιαν
841 983 1039 1082 deponente
1058 990 1182 1086 τέχνη·
1210 1011 1287 1084 ψυ-
1366 988 1368 993 ’

179 1091 241 1186 td?
270 1092 308 1164 δὲ
332 1085 441 1163 νόσον
463 1091 566 1162 ἰᾶται
589 1085 772 1178 θάνατος,
808 1089 850 1164 ὁν
872 1118 918 1170 αις
938 1089 984 1163 ἄν
1009 1094 1288 1182 ἐπαχθέστατον

179 1191 261 1266 ἄντι
288 1192 429 1266 πολλῶν
458 1193 518 1264 ναὶ
546 1186 714 1290 μεγάλων
738 1186 988 1320 α’δννημσλτων,
1020 1189 1085 1266 οιλν
1111 1191 1288 1268 ἀκουσίων

178 1293 227 1368 oio
246 1296 329 1387 ἐμοὶ
353 1296 584 1392 apocopatus
589 1350 604 1384 ,
631 1291 748 1366 αλλ’ο
729 1295 898 1368 ενουσίσιν
914 1293 963 1368 du
978 1289 1087 1377 αιλτός
1108 1299 1288 1416 εἴργασαι,

176 1401 383 1494 πρσςιλέχου
408 1402 574 1489 Apertum
588 1406 648 1482 est,
669 1397 716 1465 sic
729 1397 822 1490 iungi
811 1397 1015 1488 quidem
991 1427 1037 1472 αν
1054 1401 1286 1492 cumimpera-

175 1502 255 1582 tivo,
277 1502 338 1571 sed
358 1524 425 1569 non
439 1503 605 1570 construi:
622 1524 735 1569 sensus
752 1510 804 1569 est
819 1501 918 1583 enim,
945 1499 989 1583 αλς
1004 1501 1286 1593 ἄνὲιιαχθέστα·

176 1631 238 1685 τος
252 1608 316 1700 εἴη.
343 1604 457 1697 Magis
468 1605 589 1674 dubins
603 1604 710 1673 videri
725 1613 839 1696 potest
850 1604 1083 1699 Aristophanis
1092 1606 1186 1675 locus
1195 1607 1283 1678 Ach.

177 1706 289 1780 120⁰.
313 1709 372 1775 ubi
397 1701 597 1803 φιλήσατόν
616 1735 664 1799 με
689 1701 735 1780 τό
757 1702 1026 1803 περιπεταστόν
1048 1704 1304 1801 adamando--

176 1807 292 1884 λωτόν
314 1809 358 1883 ἄν
371 1811 406 1878 in
423 1809 501 1879 edd.
521 1811 715 1903 vulgaribus
736 1810 897 1901 scripturn
913 1819 989 1899 est,·
1009 1811 1070 1880 sed
1085 1812 1185 1880 codd.
1199 1836 1283 1905 par-
1363 1824 1366 1826 ’

174 1915 310 1982 ticulam
332 1915 497 1984 omittunt
548 1915 634 1983 Sunt
657 1914 717 1982 illa·
734 1913 993 2005 antistrophica,
1018 1914 1052 1982 in
1076 1915 1196 2003 quibus
1218 1915 1283 1982 mi-

173 2041 249 2084 rum
266 2019 300 2084 in
320 2017 460 2085 modum
475 2016 617 2108 grassati
630 2025 706 2085 sunt
721 2025 852 2084 veteres
868 2017 1013 2102 metrici,
1040 2039 1144 2107 quum
1164 2018 1281 2088 trime-

172 2129 243 2189 tros
260 2121 436 2189 voluerunt
451 2120 634 2188 restituere.
674 2119 772 2204 Quae
789 2141 889 2188 verae
905 2119 1091 2212 scripturae
1106 2121 1180 2212 sint,
1205 2145 1281 2190 am-

173 2221 313 2314 biguum
329 2232 388 2308 est,
416 2245 519 2312 quum
535 2229 678 2314 propter
692 2222 855 2290 librorum
870 2221 1073 2314 dissensum,
1099 2231 1171 2291 tum
1189 2223 1283 2314 quod
1318 2300 1339 2324 Γ

59 2354 62 2358 ’
172 2327 207 2393 in
220 2324 429 2418 antistropha
439 2347 554 2394 versus
569 2323 700 2396 excidit.
753 2324 900 2410 Quod
874 2349 903 2394 sr
915 2335 1008 2396 recte
1023 2325 1123 2396 codd
1144 2325 1281 2416 habent,

195 2526 199 2531 .
277 2456 480 2583 φιλήσατόν
494 2490 543 2556 με
558 2459 754 2556 μαλθακῶς
761 2514 776 2551 ,
804 2456 833 2534 ci
845 2460 997 2586 χρυσία,

209 2624 211 2626 .
273 2592 318 2637 το
334 2591 602 2662 σερνπιταστον
617 2558 945 2656 ναπιμανιλαλωτόν
953 2619 968 2654 ,

171 2701 265 2792 qnod
279 2724 358 2770 sane
378 2702 425 2770 ita
440 2701 590 2788 videtur,
617 2700 796 2793 posteriori
815 2699 894 2768 λιιιλσ
915 2724 1025 2770 versor
1014 2701 1227 2792 respondet
1241 2703 1280 2790 is,
1381 2710 1383 2717 ‘

172 2807 231 2895 qui
248 2804 364 2873 addito
382 2806 416 2873 in
431 2805 524 2873 libris
540 2798 804 2894 quibusdam'
760 2830 824 2876 ουν
839 2813 977 2892 quartus
991 2803 1151 2896 strophae
1167 2814 1227 2895 est,

272 2945 385 3015 ἐνιῖνο
404 2937 443 3015 δ’
457 2937 523 3014 οὖν
536 2935 687 3015 αἰαντόν
702 2937 748 3013 ἄν
760 2940 916 3035 γένοιτο.

170 3093 222 3161 Ita
237 3094 372 3182 quintus
387 3117 502 3163 versus
515 3091 761 3186 antistrophae,
787 3093 846 3182 qui
865 3092 1014 3161 trimeter
1027 3093 1191 3163 iambicus
1205 3094 1280 3180 fuit,

169 3198 301 3270 interiit.
353 3197 400 3264 Et
412 3198 458 3265 sic
476 3208 670 3289 exemptum
691 3205 742 3264 est
755 3195 823 3264 hoc
840 3197 1031 3288 exemptum
1046 3199 1103 3282 iis,
1130 3221 1218 3287 qnae
1233 3196 1278 3268 civ

170 3322 248 3367 cunr
275 3301 473 3391 imperativo
496 3301 645 3368 iunctum
669 3299 808 3370 habent.
860 3301 939 3366 Non
954 3300 1072 3373 utilior
1097 3312 1148 3368 est
1172 3300 1278 3366 Rhesi

168 3425 200 3476 v.
218 3400 329 3473 685.
319 3427 353 3470 ιιι
371 3425 439 3492 quo
456 3403 549 3491 qnod
568 3404 814 3495 scriptumest,
840 3406 939 3488 παῖε,
966 3429 1050 3474 παισ
1065 3429 1132 3482 τας
1148 3429 1203 3481 τις
1217 3399 1277 3489 ἄν,

169 3529 273 3594 quum
285 3515 428 3598 propter
440 3506 551 3574 alia
522 3529 592 3574 erus
607 3528 723 3609 persus
738 3502 826 3587 vitia,
852 3513 979 3572 tumeo
1001 3514 1192 3595 suspectum
1214 3511 1276 3584 est,

169 3607 262 3696 quod
278 3610 383 3676 verba
398 3634 454 3688 τις
478 3607 523 3679 ἄν
542 3608 577 3675 in
597 3607 800 3697 quibusdam
821 3606 922 3673 codd.
947 3606 1074 3675 desunt
1128 3605 1276 3674 Omnino

167 3712 224 3777 illa
242 3735 342 3778 scena
356 3712 500 3803 pessime
514 3711 630 3780 habita
651 3721 719 3794 est,
745 3711 857 3778 vitiata
873 3711 973 3779 etiam
992 3709 1121 3778 σλισιο
1112 3729 1146 3775 rn
1165 3707 1271 3776 herni-

169 3814 284 3908 choria
294 3815 601 3904 distincto,1quum
616 3814 738 3906 singuli
751 3813 864 3905 potius
885 3823 1035 3879 cantores
1052 3810 1277 3903 distinguendi

167 3917 301 3989 fuerint.
354 3919 428 3986 Hos
451 3918 588 4007 quidem
609 3926 739 4002 versus,
771 3916 830 4005 qui
852 3937 985 3985 scenam
1014 3913 1116 4003 plane
1141 3927 1277 4008 pertur-

122 4075 125 4079 .
166 4019 267 4100 bant,
295 4021 342 4087 sic
358 4020 553 4088 scribendos
569 4021 726 4088 coniicio.

274 4173 403 4245 ΟΔ
385 4200 484 4263 toxa,
520 4166 664 4270 θάρσει.
724 4174 839 4245 ΧΟΡ.
866 4171 972 4250 πέλας
999 4165 1067 4243 ἴθ’.
1122 4168 1202 4243 ΟΔ
1232 4163 1275 4240 ori

499 4272 553 4371 δή,
605 4279 735 4349 ΧΟΡ.
753 4280 861 4393 παῖε,
888 4299 972 4346 παιε
999 4298 1077 4352 παι.
1104 4269 1159 4352 τίς
1185 4265 1253 4362 εἷς

220 4374 344 4444 Hunni.
368 4373 435 4447 Or.
461 4375 520 4445 λλλ.
1032 4373 1074 4440 Μ
1175 4465 1194 4478 Α
