2918 4890
560 316 646 378 Llll.
666 316 692 379 1.
733 315 829 380 CAP.
854 320 886 382 6.
1233 319 1276 384 19

166 505 343 597 impletam
357 504 441 574 lore
493 504 594 574 Esset
604 505 640 575 id
657 506 792 576 omnino
810 507 874 593 ita,
900 506 928 576 si
941 507 975 575 in
987 505 1055 575 hoc
1068 531 1211 601 genere,
1237 512 1275 577 nt

166 610 203 676 in
222 609 353 694 altero,
376 617 507 676 certum
526 609 653 677 facturn
674 612 908 702 respiceretur.
958 611 1061 699 Atqui
1083 612 1119 678 id
1138 635 1202 681 nec
1224 613 1274 693 fit,

167 734 232 780 nec
245 712 320 780 fieri
334 720 462 802 potest:
481 712 627 801 alioquin
637 713 673 780 in
687 715 779 781 omni
794 723 887 782 certo
903 713 995 781 facto
1009 713 1202 782 addendum
1218 737 1274 783 es-

168 823 221 882 set
248 812 295 885 ἅι
304 867 319 901 ,
360 814 440 902 quia
463 813 547 882 nihil
577 838 719 905 usquam
745 818 802 902 lit,
840 816 902 897 nisi
923 839 1039 889 caussa
1059 817 1101 885 sit
1122 839 1182 884 cur
1204 817 1273 884 liat

128 960 132 967 -
168 917 402 1001 Quamobrem
415 917 493 984 iniis
500 926 628 986 tanturn
638 919 734 986 factis
746 919 804 986 illa
810 919 971 1008 loquendi
985 921 1069 986 ratio
1083 929 1274 1010 usurpatur,

168 1041 258 1108 quae
273 1042 339 1086 non
354 1043 459 1088 onum
474 1031 602 1088 certum
615 1021 754 1108 factum,
774 1021 835 1089 sed
849 1022 949 1112 plura
960 1022 1096 1106 incerta,
1121 1032 1159 1090 ut
1173 1021 1275 1111 quid-

168 1145 237 1211 que
263 1122 352 1189 forte
370 1123 516 1206 factum,
541 1123 631 1192 forte
656 1125 757 1193 etiam
772 1147 841 1192 non
856 1125 983 1206 factum
1001 1134 1068 1209 cst,
1095 1127 1273 1194 continent

167 1225 208 1292 ln
230 1224 282 1293 his
304 1225 408 1316 igitur
428 1225 577 1294 conditio
599 1250 663 1295 nec
682 1227 829 1318 tempori
850 1237 943 1295 certo
964 1249 1027 1293 nec
1048 1227 1097 1294 rei
1119 1226 1276 1294 adstricta

168 1337 236 1397 est:
262 1351 342 1396 narn
360 1330 393 1397 in
411 1329 485 1396 solo
501 1352 582 1397 casu
602 1332 770 1413 versatur,
798 1330 889 1398 cuius
909 1337 1027 1396 natura
1041 1329 1075 1396 in
1090 1351 1132 1397 eo
1147 1339 1198 1397 est
1208 1351 1275 1419 po-

168 1431 231 1498 sita
253 1440 291 1498 ut
316 1454 433 1498 caussa
454 1431 534 1499 sacti
555 1433 676 1518 lateat,
701 1433 828 1500 factum
855 1432 1095 1522 autemipsum
1116 1432 1276 1523 impletae

166 1535 304 1625 ignotam
319 1533 517 1602 conrhtionis
532 1534 770 1621 documentum
784 1536 834 1621 sit,
860 1536 1054 1624 factumque
1070 1557 1160 1621 esse,
1187 1535 1215 1601 si
1236 1533 1277 1602 sit

167 1637 307 1722 factum,
332 1637 545 1729 intelligatur.
584 1638 702 1728 ltaque
718 1638 927 1730 quodsupra
943 1639 1127 1728 posuimus,
1155 1638 1276 1729 ἔλεγον

168 1736 238 1827 ἄν,
267 1733 379 1812 ὁπότε
399 1767 455 1819 τις
473 1734 630 1837 ἐρωτῴη,
655 1741 738 1808 nihil
754 1751 805 1808 est
823 1741 923 1828 aliud,
950 1762 1062 1829 quam,
1088 1733 1201 1812 ὁπότε
1221 1764 1277 1819 τις

168 1834 314 1938 ἐρωτῴη
334 1842 455 1932 ἔλεγον
462 1897 476 1930 ,
509 1845 545 1914 εἰ
566 1844 687 1936 ἔλεγον
695 1897 709 1931 ,
743 1844 799 1912 vel
821 1843 964 1934 ἔλεγον,
998 1835 1122 1922 ὁσάκις
1143 1843 1276 1932 ἔλεγον.

169 1944 276 2028 Quod
296 1945 324 2012 si
342 1945 488 2013 conditio
509 1945 555 2012 ita
569 1955 620 2014 est
639 1969 717 2014 cum
736 1946 813 2038 ipso
829 1944 921 2013 facto
944 1944 1135 2031 coniuncta,
1160 1952 1198 2010 ut
1211 1944 1277 2010 irn-

167 2048 296 2139 pletam
311 2071 385 2116 esse
399 2071 468 2115 non
480 2049 541 2116 nisi
556 2071 597 2117 ex
612 2049 705 2116 facto
718 2049 794 2140 ipso
808 2056 1042 2139 cognoscatur,
1069 2068 1276 2134 consequens

168 2159 239 2236 est,
266 2173 481 2240 quocumque
503 2152 537 2218 in
556 2160 712 2243 tempore
736 2152 863 2218 factum
881 2149 964 2217 illud
988 2149 1150 2232 colloces,
1177 2147 1277 2214 etiarn

169 2253 395 2321 conditionem
415 2276 493 2322 curn
512 2276 554 2321 co
568 2255 779 2322 coniunctam
795 2254 880 2320 fore.
934 2251 1049 2335 Quare
1063 2251 1097 2316 in
1114 2249 1182 2316 hoc
1200 2250 1277 2337 qui-

168 2356 248 2423 dem
272 2379 399 2448 genere
422 2356 503 2424 nihil
524 2365 592 2442 est,
618 2357 711 2446 quod
725 2356 923 2448 prohibeat,
950 2354 1032 2443 quin
1055 2361 1090 2420 et
1108 2354 1196 2442 λέγω
1219 2349 1277 2440 α’ν,

170 2467 205 2527 et
218 2460 301 2539 λέξω
324 2457 370 2529 ἂν
385 2468 479 2528 recte
500 2459 566 2527 (lici
579 2460 815 2528 existimentur.
867 2458 915 2527 vt
928 2455 1022 2551 quod
1037 2455 1131 2549 apud
1144 2453 1277 2525 Aristo·

167 2561 319 2654 phanem
331 2570 399 2650 est,

334 2711 394 2786 καὶ
411 2718 490 2795 ταῖς
505 2709 675 2810 ἀδελφαῖς
691 2706 873 2810 α’γορᾰσαι
885 2702 1057 2803 χιτώνιον
1126 2720 1131 2729 ’

334 2817 514 2890 ἐκέλευσεν
527 2814 595 2909 ἄν,

169 2966 253 3058 quid
269 2968 406 3037 tandem
432 2992 569 3038 caussae
586 2993 660 3039 esse
678 2969 844 3054 dicamus,
871 2987 948 3052 cnr,
974 2963 1002 3032 si
1025 2962 1146 3032 eadem
1165 2958 1223 3030 'res
1239 2971 1277 3030 ut

169 3094 258 3160 quae
280 3095 369 3138 nunc
391 3073 469 3159 fiat,
494 3074 549 3140 rel
572 3063 652 3141 olirh
669 3074 781 3140 futura
803 3072 862 3155 sit,
887 3076 1058 3156 narretur,
1084 3088 1152 3134 non
1171 3066 1277 3156 possit

169 3174 237 3241 dici
255 3168 389 3246 κελεύει
406 3172 468 3252 ἄν,
495 3172 556 3243 vel
567 3169 725 3249 κελεύσει
742 3169 817 3246 civ?
841 3174 949 3240 lmmo
963 3171 1019 3238 vel
1037 3192 1079 3237 er
1096 3191 1137 3236 eo
1152 3167 1188 3234 id
1203 3168 1277 3235 col·

169 3277 272 3369 ligas,
299 3277 392 3366 quod
408 3278 442 3344 in
456 3277 525 3345 hoc
540 3302 667 3371 genere
682 3275 901 3369 praeteritum
915 3283 1048 3363 tempus
1071 3293 1138 3338 non
1153 3278 1276 3361 potest,

169 3391 206 3447 ut
226 3380 260 3447 in
280 3380 405 3464 altero,
432 3381 525 3470 quod
550 3393 602 3450 est
616 3381 813 3449 conditionis
834 3401 902 3446 non
918 3376 1093 3466 impletae,
1119 3383 1221 3460 atque
1241 3373 1276 3439 in

168 3505 207 3550 re
222 3504 290 3549 non
307 3482 398 3549 facta
412 3495 572 3570 versatur,
589 3472 634 3552 ad
652 3482 839 3575 praesentia
855 3490 888 3548 et
902 3480 1014 3548 futura
1027 3475 1190 3559 adhiberi,
1214 3472 1276 3541 sed

169 3587 267 3653 unice
284 3586 470 3653 continetur
484 3587 518 3653 in
535 3587 731 3679 praeteritis.
757 3587 820 3654 His
837 3583 919 3651 nihil
933 3580 1022 3650 aliud
1035 3601 1122 3648 nunc
1138 3576 1275 3667 quidem
1368 3646 1382 3673 ⁹

170 3688 307 3755 efficere
334 3690 432 3775 volo,
466 3712 568 3778 quam
591 3699 719 3757 utnon
747 3687 865 3757 rationi
886 3705 1078 3776 repugnare
1100 3679 1275 3748 ostendam

168 3790 354 3882 particulae
384 3788 429 3862 ἄν
452 3791 487 3858 in
516 3793 656 3884 impleta
682 3793 872 3860 conditione
894 3784 1173 3855 consociationem
1197 3804 1276 3850 curn

168 3895 352 3984 praesentis
382 3894 552 3984 futurique
574 3896 769 3964 indicativo:
806 3915 848 3962 ex
874 3913 942 3980 quo
967 3887 1198 3976 consequitur,
1232 3907 1276 3981 ne

168 3997 358 4087 perfectum
383 3997 522 4086 quidem
553 3998 801 4068 excludendum
833 4017 916 4064 esse.
967 3991 1045 4062 Alia
1068 4013 1121 4058 res
1146 3997 1213 4072 est,
1247 3987 1275 4055 si

167 4121 267 4166 usum
289 4109 492 4191 spectamus.
546 4100 658 4170 Multa
680 4102 784 4190 enim,
816 4094 968 4189 quamvis
997 4101 1089 4161 recte
1112 4091 1273 4173 dicantur,

168 4223 238 4269 non
253 4213 328 4270 sunt
338 4213 453 4272 tamen
465 4206 603 4274 usitata:
628 4214 745 4274 contra
759 4196 836 4274 sunt
848 4200 958 4287 etiarn,
973 4219 1061 4288 quae
1077 4216 1154 4263 usus
1170 4213 1275 4283 prava

169 4307 345 4398 receperit
397 4309 444 4379 Et
457 4310 598 4402 poterit,
624 4309 741 4400 siquis
761 4312 865 4401 negat
880 4324 943 4373 usu
966 4295 1182 4391 comprobari
1200 4293 1275 4364 illua
