2918 4890
200 294 264 363 ιιι
365 349 369 358 ,
547 291 604 353 οι
635 242 906 354 enimcum
929 285 975 354 ιι

251 485 351 556 αἴιιν
377 479 440 575 ἐμὲ
467 475 557 569 ζοιέν
583 477 786 557 πεπύθοιτ’
819 481 876 557 ἐπί
901 480 1023 582 νηυσίν
1047 477 1223 574 Ἀχαιῶν.

200 644 288 712 quae
301 620 406 688 verba
423 620 522 687 etiam
541 646 570 689 ν.
589 617 675 687 380.
690 623 770 691 ιιι-λ.
798 619 883 688 131.
904 621 1079 711 leguntur,
1107 620 1167 688 sed
1187 623 1221 689 in
1240 621 1309 690 hoo

199 734 373 819 postremo
390 723 468 790 loco
485 723 606 791 omissa
621 723 788 814 particula
803 726 871 796 νέν.
899 722 1000 792 Adde
1013 729 1049 815 β.
1067 722 1152 792 123.
1169 735 1206 798 θ.
1221 721 1307 795 196.

202 824 288 895 205.
317 856 340 898 ι.
367 824 453 893 141.
479 824 565 892 283.
592 824 679 894 362.
700 823 788 898 445.
815 854 845 898 ν.
874 823 960 894 288.
988 853 1018 914 χ.
1048 824 1134 893 220.
1161 849 1199 921 ψ.
1223 827 1308 896 346.

82 1004 85 1009 ,
200 928 286 998 592.
312 926 506 997 Hesiodo·
527 938 562 996 et
573 929 615 997 D.
627 926 714 1002 359.
729 927 817 1002 432.
835 927 921 998 090.
948 929 1148 1021 Praeposito
1162 941 1214 1000 est
1228 956 1310 1025 par-

199 1034 302 1102 ticula
325 1030 394 1104 Od.
413 1058 445 1128 p.
461 1030 546 1104 223.

251 1162 319 1242 τόν
344 1164 381 1240 ν’
407 1169 444 1239 ιί
465 1196 530 1261 μοι
560 1166 656 1265 δοίης
682 1165 861 1259 σταθμοῖν
886 1157 1025 1266 ῥυτῆρα
1052 1171 1234 1263 γενέσθαι.

200 1309 319 1377 iterata
333 1303 427 1397 apud
442 1304 583 1375 Hesiod.
600 1302 643 1373 0.
661 1312 695 1371 et
708 1304 750 1372 D.
766 1302 852 1372 423.

254 1447 288 1516 ιί
313 1443 355 1516 δέ
377 1469 437 1514 νιν
464 1435 670 1536 ὀκταπόδην
698 1439 771 1513 duo
798 1442 857 1513 ναὶ
885 1436 1029 1539 σφῦροίν
1055 1471 1094 1517 ιιι
1119 1437 1269 1536 τοίμοιο.

201 1581 298 1650 Iliad.
316 1608 352 1654 α.
369 1574 456 1650 549.
482 1578 625 1647 Wolfius
639 1599 681 1645 ex
695 1578 906 1663 coniectura,
929 1589 966 1647 ut
981 1581 1131 1667 videtur,
1158 1580 1269 1649 dedit:

8 1813 12 1825 .
131 1744 133 1748 “
254 1718 297 1790 ἐν
322 1718 364 1791 δέ
382 1711 419 1787 ν’
446 1708 535 1808 ἐγαλν
561 1708 750 1786 ἀπάνευθε
776 1714 874 1786 θεῶν
901 1718 1061 1809 ἐθέλωμι
1087 1717 1254 1810 νοῆσαιἸ

252 1813 343 1913 μήτι
370 1811 416 1890 od
440 1819 561 1890 ταῦτα
588 1823 722 1889 ἕκαστα
749 1816 904 1913 ιλιιίριοι
930 1821 1020 1915 μηδὲ
1049 1813 1223 1912 μετάλλα.

202 1968 294 2028 recte
314 1958 473 2025 fortasse:
498 1977 616 2023 verum
636 1963 749 2022 tamen
769 1976 838 2022 non
858 1963 894 2022 ut
918 1956 1053 2023 vitiosus
1074 1956 1246 2047 putandus
1271 1958 1311 2025 sit

64 2144 70 2157 ρ
202 2063 261 2152 qui
292 2061 398 2152 vulgo
430 2059 554 2155 legitur
591 2059 768 2150 optativus.
820 2058 852 2126 Is
886 2059 975 2126 enim
1011 2058 1093 2126 facit
1127 2069 1164 2126 ut
1196 2083 1309 2128 sensus

203 2167 264 2252 sit,
292 2165 323 2238 εἱ
338 2165 380 2237 δέ
390 2158 425 2234 ν’
441 2155 529 2254 ἐγαλν
546 2161 738 2252 ἐθέλοιμι,
764 2161 858 2250 quod
876 2162 1043 2253 apodosin
1056 2163 1242 2255 postularet
1256 2172 1311 2229 ta-

203 2269 288 2351 lem,
316 2262 380 2338 ουίι
401 2264 447 2336 οἷν
469 2261 586 2360 γνοίης
607 2265 746 2353 ταῦτα,
774 2287 838 2356 pro
862 2289 929 2354 qua
950 2265 1068 2332 fortior
1087 2265 1227 2345 infertur
1246 2266 1311 2333 ad-

202 2371 350 2438 monitio.
402 2366 515 2433 Miuus
541 2367 641 2432 etiam
667 2367 830 2456 probem,
856 2381 894 2434 ut
920 2368 956 2434 id
975 2367 1042 2441 hac
1061 2370 1312 2460 opportunitate

162 2486 165 2514 ¹
203 2473 348 2557 addam,
374 2468 623 2556 Aristarchum,
650 2468 744 2536 Iliad.
766 2479 804 2542 0.
829 2468 888 2541 23.
914 2473 1074 2565 ἐθέλωμι
1093 2472 1311 2541 scribentem.

255 2621 369 2697 οίλλΗ
354 2621 417 2697 σ’τι
433 2615 478 2718 δη
491 2621 550 2694 ιιαλ
567 2615 636 2746 ἐηω
649 2615 833 2748 πρόφρων
840 2623 1031 2716 ἐθέλωμι
1014 2651 1184 2720 ιρνσσαι,

255 2724 350 2825 αι’τῇ
362 2755 421 2799 ιιον
436 2725 518 2822 γαίη
537 2719 728 2822 ἐρύσαιμ’,
755 2722 903 2822 αὐτῇσι
921 2721 1098 2824 θαλάσσῃ.

202 2870 282 2982 Non
299 2883 386 2950 enim
403 2882 570 2949 facturum
584 2905 621 2948 se
636 2881 672 2947 id
682 2881 839 2972 Iuppiter
851 2879 989 2968 indicat,
1016 2881 1077 2948 sed
1093 2882 1190 2968 dicit,
1218 2884 1310 2972 quid,

204 2988 231 3053 si
250 2986 330 3053 velit
354 2985 486 3071 facere,
512 2985 660 3050 futurum
683 2985 734 3050 sit.
786 2985 945 3082 Rectius,
970 2931 1009 3050 dt
1030 2985 1064 3052 in
1090 3005 1230 3053 revere
1253 2989 1310 3054 fu-

202 3100 294 3175 tura,
320 3089 488 3156 restitutus
504 3085 733 3155 coniunctims
747 3086 840 3153 Iliad.
856 3114 880 3158 ι.
900 3084 985 3154 397.

254 3217 352 3295 τοίων
368 3221 412 3322 ἥν
429 3220 465 3295 ν’
483 3224 660 3315 ἐθέλωμι,
687 3220 794 3318 φίλην
809 3216 989 3334 ποιήσομ’
1009 3222 1163 3298 ἄκοιτιν.

63 3409 65 3413 -
203 3361 260 3429 sic
275 3361 375 3429 etiam
392 3359 460 3429 0d.
475 3390 506 3433 τ
522 3359 666 3429 489.

223 3488 339 3570 ον’δέ
358 3497 502 3592 τροφοῦ
520 3495 625 3620 οὔσης
641 3523 703 3568 σου
690 3492 920 3623 ἀἱρέξομρια
947 3492 1082 3571 οππότ’
1103 3526 1149 3573 αν
1163 3460 1272 3578 σίλλας

196 3608 200 3616 ’
256 3593 408 3692 δμωας
391 3627 428 3672 ιν
451 3594 667 3696 μεγάροισιν
686 3603 786 3689 ἐμοῖς
799 3597 972 3693 ιιτιίνοιμι
987 3607 1163 3694 γοναῖιιας.

202 3735 269 3804 Hic
287 3758 424 3826 quoque
439 3737 545 3827 vulgo
563 3736 729 3824 optativus
746 3735 879 3826 legitur.

304 3840 456 3908 Diximus
472 3840 539 3906 hoc
558 3860 669 3930 genus=
681 3838 935 3906 constructionis
947 3839 1122 3930 epicorum
1134 3839 1312 3931 proprium

203 3965 293 4024 esse,
319 3953 355 4008 ut
372 3943 428 4010 vel
443 3950 626 4033 propterea
642 3949 838 4031 suspectum
853 3964 926 4010 esse
940 3941 1082 4032 debeat,
1108 3943 1202 4034 quod
1217 3942 1311 4035 apud

202 4044 402 4134 Euripidem
417 4045 582 4117 Androm.
600 4043 686 4112 tul.
712 4043 873 4160 legimus:

117 4253 123 4263 ,
170 4164 174 4169 ’
218 4182 293 4253 εἴ
302 4209 340 4250 τι
356 4174 425 4302 γρίρ
442 4180 487 4253 ἄν
506 4174 640 4269 ποίσχοι
655 4207 711 4262 τις
727 4174 935 4276 αμήχανον,
956 4178 1062 4305 οὶλιιῆς

257 4311 300 4355 σο
317 4275 443 4362 σπσίνις
461 4279 668 4376 ιυγινέταις.
