2918 4890
580 268 664 334 LlB.
688 271 710 331 l.
746 267 844 330 cAP.
865 274 896 335 i.
997 328 999 333 ,
1248 277 1289 339 21

176 456 358 653 εειιίιέθῑὲι
369 459 403 527 in
417 466 571 554 tempore
585 458 677 553 apud
690 459 878 531 Homerum
891 457 959 531 od.
972 466 1008 554 β.
1027 457 1111 528 104.
1134 459 1183 552 (τ.
1201 460 1286 538 lle·

229 716 322 788 ἔνθα
336 742 397 788 κεν
400 711 550 838 ἠματίη
564 714 632 807 μέν
647 711 860 811 ὑφαίνεσκεν
874 717 991 810 με’μαν
1005 712 1132 799 ἱστόν,

228 812 409 899 νύκταςδ’
424 813 624 892 ἀλλύεσκεν.

175 969 294 1037 Male
284 994 319 1038 m
334 971 387 1038 his
403 971 670 1062 locispostrema
682 971 797 1039 Wolfii
811 970 914 1040 editio
929 971 989 1042 καὶ
1005 974 1156 1063 praebet
1194 972 1283 1045 Vide

175 1072 401 1142 Schaeferum
413 1074 596 1163 inpraefat.
611 1073 781 1142 adluliani
790 1084 872 1142 orat.
883 1075 917 1142 in
926 1073 1098 1143 Constant
1108 1100 1143 1168 p.
1159 1077 1282 1150 XVlll.

80 1177 87 1190 “
174 1175 221 1244 de
237 1176 306 1243 hoe
322 1199 385 1244 usu
402 1177 585 1268 particulae
600 1176 646 1250 civ
664 1178 891 1245 disserentem.
924 1177 978 1245 De
991 1200 1029 1244 re
1045 1180 1178 1270 saepius
1192 1180 1283 1248 facto

174 1301 365 1346 sermonem
381 1302 472 1370 esse,
499 1280 641 1347 verbum
655 1281 935 1368 frequentativum
948 1279 1080 1348 indicat.
1133 1281 1205 1350 Sed
1219 1281 1281 1349 ad-

174 1381 284 1449 ditum
306 1382 365 1453 κέν
388 1405 455 1449 non
477 1383 626 1471 quotidie
650 1383 752 1450 telam
770 1383 914 1450 texuisse
933 1383 1141 1474 Penelopam
1158 1386 1282 1476 signifi-

174 1494 246 1571 cat,
274 1485 334 1552 sed
356 1485 574 1575 plerumque,
600 1495 638 1553 ut
652 1486 741 1554 forte
754 1487 786 1554 ei
800 1486 936 1556 libebat
987 1486 1119 1554 Dubiae
1133 1488 1281 1556 auetori-

172 1589 249 1657 tatis
264 1587 330 1656 hoo
345 1597 397 1656 est
412 1588 507 1656 lliad.
525 1616 556 1662 ν.
572 1586 659 1657 732.

223 1756 320 1851 ἄλλῳ
338 1753 375 1830 δ’
392 1761 431 1832 ἐν
447 1746 623 1853 στήθεσσι
639 1763 744 1832 τιθεῖ
756 1751 843 1832 νόον
859 1751 1021 1854 εὐρύοπα
1039 1752 1129 1842 Ζεές

225 1855 379 1934 ἐσθλόν·
406 1862 476 1935 τοῦ
494 1864 535 1935 δέ
546 1890 588 1935 τε
606 1861 732 1934 πολλοὶ
748 1857 1005 1956 ἐπαυρίσκοντ’
1019 1859 1227 1954 ἄνθρωποι·

224 1963 289 2036 καί
301 1991 342 2036 τε
358 1966 487 2046 πολέας
503 1965 655 2050 ἐσάωσε,
680 1958 843 2058 μα’λιστα
859 1964 901 2037 de'
912 1958 947 2034 κ’
963 1956 1075 2043 αύτός
1090 1960 1237 2058 ᾰνέμνω.

171 2134 278 2203 Vetus
291 2131 378 2201 haee
393 2143 427 2202 et
447 2134 561 2226 agnita
578 2157 600 2201 o
614 2135 840 2227 grammaticis
859 2132 1026 2223 scriptura
1044 2140 1111 2220 est,
1137 2155 1280 2222 quorum

170 2239 324 2324 fuerunt,
368 2239 426 2325 qui
458 2231 590 2316 καύτός
621 2260 686 2328 pro
721 2236 782 2308 καὶ
809 2230 919 2315 αὐτός
955 2233 1082 2303 dietum
1111 2245 1279 2326 putarent,

170 2341 227 2408 alii
243 2349 355 2408 autem
373 2367 411 2412 κε
433 2336 604 2408 abundere
619 2339 790 2408 dixerunt:
816 2337 950 2426 utrique
964 2337 1063 2412 male.
1105 2337 1177 2406 Sed
1195 2339 1281 2405 mori

169 2451 296 2535 poetae
309 2443 555 2510 convenientius
576 2452 626 2512 est
643 2444 685 2516 δέ
698 2470 748 2516 τε.
800 2441 880 2510 Non
901 2439 1069 2510 diversum
1088 2449 1160 2534 est,
1185 2440 1280 2532 quod

169 2545 296 2638 legitor
310 2543 377 2614 Od.
396 2571 427 2617 σ.
448 2544 534 2614 260.

223 2695 282 2768 καὶ
295 2722 366 2792 γαρ
387 2696 514 2792 Τροΐας
531 2696 631 2822 φασὶ
637 2670 802 2794 μαχητας
821 2697 977 2790 ἔμμεναι
994 2693 1148 2792 ἄνδρας,

221 2798 246 2894 ἢ
260 2799 328 2889 μέν
345 2793 581 2888 ἀκοντιστάς,
608 2799 723 2895 ηδε
701 2799 858 2924 (κατῆρας
877 2795 1031 2885 σ’ὶστσῖν,

221 2907 340 2972 ἳππων
355 2928 378 2972 τ
385 2895 603 2975 ω’κσπόδων
621 2896 862 2997 ἐπιβήτορας,
888 2908 930 2975 οἵ
945 2929 984 2974 κε
1000 2892 1158 2991 τάχιστα

221 3004 367 3099 ἔκριναν
379 3004 473 3096 μέγα
492 3009 605 3085 νεῖκος
618 3002 768 3097 ὁμοιΐου
785 3005 975 3098 πολέμοιο

168 3170 284 3240 Verba
307 3181 381 3238 sunt
398 3171 526 3262 Vlyssis
548 3172 593 3240 ad
610 3173 749 3242 Troiam
770 3172 974 3265 profecturi,
1009 3170 1067 3261 qui
1090 3170 1151 3240 etsi
1173 3168 1278 3238 fortes

167 3274 343 3366 perhiberi
364 3275 530 3344 Troianos
553 3276 616 3365 ait,
642 3286 755 3345 tamen
773 3299 842 3344 non
862 3275 995 3343 videtur
1019 3273 1110 3341 bello
1136 3273 1277 3357 novisse,
1320 3323 1322 3335 .

168 3401 258 3466 quae
271 3378 314 3444 ab
329 3377 366 3444 iis
382 3376 524 3446 feliciter
536 3389 634 3470 gesta
652 3403 725 3448 esse
740 3379 878 3465 diceret,
904 3377 965 3446 sed
979 3376 1046 3444 hoc
1062 3383 1191 3444 tantum
1205 3375 1279 3442 vel-

167 3481 220 3566 le,
245 3479 333 3549 viros
355 3479 460 3548 fortes
475 3481 574 3550 facile
589 3505 691 3573 posse
710 3483 861 3570 quamvis
875 3502 1036 3572 magnum
1053 3479 1180 3546 bellum
1194 3497 1280 3568 pro-

166 3584 297 3674 fligare.
350 3583 468 3672 ltaque
485 3583 553 3651 hoc
569 3607 706 3674 quoque
726 3586 759 3651 in
779 3585 856 3652 loeo
876 3591 1015 3675 poetam
1031 3588 1072 3653 οἵ
1082 3604 1123 3653 τε
1145 3579 1279 3647 dedisse
1336 3654 1337 3658 Ἰ

167 3708 235 3753 non
256 3685 395 3753 dubium
412 3709 484 3753 esse
504 3696 598 3779 puto.
650 3687 832 3779 Apertiora
849 3687 936 3756 haec
954 3693 1030 3754 sunt
1048 3681 1228 3775 Sophoclis
1246 3683 1280 3749 in

166 3787 496 3857 Plfflocletavtzse.

637 3967 726 4039 προς
743 3941 782 4016 δέ
798 3937 928 4019 τοῦθ,
957 3938 979 4014 ὅ
990 3966 1057 4032 μοι
1071 3932 1182 4034 βάλοι

272 4037 559 4165 νενρσσπαδης
533 4069 733 4140 ατρακτσς,
762 4036 872 4122 αὐτος
888 4071 934 4115 αν
951 4038 1062 4124 ταλας
1303 4063 1310 4075 ’

275 4139 442 4262 εἰλυόμην
459 4140 629 4243 δύστηνος
643 4149 787 4230 ἐξέλκων
801 4139 898 4218 πόδα

273 4272 361 4344 προς
374 4244 480 4324 τοῦτ
497 4246 561 4324 ἄν·
593 4251 630 4324 εἴ
641 4277 665 4324 τ
671 4245 771 4365 ἔδει
784 4277 824 4324 τι
839 4246 900 4322 ’καὶ
917 4269 1032 4322 πστσν
1048 4249 1194 4340 λαβεῖν,
