2918 4890
213 287 279 350 214
472 350 476 357 ,
583 277 958 340 Enunnautonus

213 467 368 552 αιιόλσος
383 469 504 565 ἄραξε.
539 469 644 555 Quod
657 470 685 537 si
699 469 787 536 haec
802 477 895 536 recte
909 465 1130 552 coniecimus,
1152 466 1323 556 relinqui,

212 586 268 645 tur
281 585 318 644 ut
333 573 493 643 exciderit
506 572 633 662 aliquid
647 574 704 640 vel
723 583 800 639 ante
815 594 846 639 v.
861 568 921 638 48.
935 571 990 636 vel
1011 579 1088 636 ante
1096 568 1205 667 γαίης.
1231 572 1323 639 Nam

214 678 356 747 sortasse
378 699 447 746 nou
458 677 573 768 inepte
591 677 803 768 opinabimur
817 673 908 741 hanc
927 674 1036 765 ipsam
1057 695 1178 740 vocem
1194 673 1325 762 aliquid

215 782 413 867 contulisse,
438 789 477 849 ut
500 781 731 847 omitterentur
756 778 924 848 nonnulla.
979 777 1095 860 Quum
1122 777 1230 861 enim,
1264 779 1325 866 qui

215 885 261 953 ad
280 894 409 957 tantum
430 883 672 974 desperationis
695 882 846 949 furorem
870 880 979 948 evecti
1000 888 1092 963 snut,
1126 879 1234 947 crines
1259 881 1326 948 sibi

217 987 403 1056 discindere
424 997 526 1076 atque
549 986 695 1054 evellere
716 985 859 1070 soleant,
891 983 961 1051 veri
983 981 1088 1050 simile
1110 982 1260 1067 videtur,
1286 983 1327 1050 id

218 1091 318 1163 etiam
333 1090 377 1157 de
391 1089 497 1158 Eride
511 1113 583 1158 esse
598 1087 849 1181 praedicatum:
875 1097 914 1154 ut
928 1109 961 1158 v.
983 1085 1045 1155 47.
1061 1085 1225 1176 scriptum
1243 1086 1325 1154 fue-

216 1194 260 1261 nit
273 1193 365 1288 χειρὶ
382 1193 419 1266 δὲ
440 1191 579 1290 χαίτης,
605 1216 626 1260 a
648 1193 769 1281 quibus
791 1191 931 1258 vocibus
952 1188 1139 1257 adsimiles
1160 1190 1199 1262 δὲ
1221 1189 1328 1285 γαίης

219 1297 379 1365 aberrans
397 1297 515 1366 oculus
531 1295 703 1364 librarium
718 1295 750 1363 in
768 1316 917 1362 errorem
934 1292 1121 1360 abduxerit.
1378 1332 1381 1337 -

321 1434 364 1506 V.
380 1429 441 1500 53.
468 1442 588 1524 aperte
602 1456 681 1501 vera
696 1441 748 1502 est
762 1432 840 1504 cod.
855 1416 944 1502 Mut
960 1430 1148 1522 scriptura:

267 1582 465 1681 Ἡφαίστῳ
478 1582 514 1659 d'
528 1578 717 1674 ὑπόεικεν,
737 1581 971 1680 ἀμαιμακέτη
987 1609 1056 1678 περ
1072 1582 1194 1657 ἐοῦσα.

124 1693 130 1704 ¹
217 1715 306 1807 Nam
325 1739 417 1829 quod
433 1739 527 1832 apud
541 1737 823 1832 Tryphiodorum
838 1745 889 1806 est
903 1758 935 1807 v.
952 1733 1039 1804 685.

268 1889 465 1988 Ἡφαίστῳ
483 1889 519 1966 δ’
531 1887 721 1977 ὑπόεικεν,
748 1884 968 1984 αἱτσζόμινος
981 1883 1241 1986 χόλοαἯρης,

218 2043 255 2112 ld
270 2068 340 2135 quo
359 2054 462 2138 pacto
483 2045 719 2115 defendendae
739 2045 834 2138 apud
854 2042 1040 2113 Coluthnm
1058 2044 1216 2136 vulgatae
1230 2039 1325 2115 α’τυ-

219 2150 349 2244 ζσμέση
368 2149 522 2218 adhiberi
535 2150 660 2241 possit,
685 2173 754 2218 non
769 2149 886 2232 video,
912 2147 974 2215 nisi
991 2147 1065 2236 quis
1077 2147 1169 2216 hunc
1188 2170 1326 2238 quoque

220 2245 461 2348 χόλσνἮρης
478 2253 647 2322 addidisse
663 2253 790 2322 credat.

321 2371 363 2442 V
376 2369 437 2438 6⁰.
462 2372 549 2440 haec
570 2375 745 2465 leguntur.

271 2523 380 2596 ἔνθεα
386 2521 493 2619 Epic
507 2527 706 2617 πτολέμοιο
712 2519 981 2647 concinnior*
959 2550 1060 2647 spana
1075 2522 1221 2614 ἑλοῦσα,

175 2698 178 2703 .
270 2625 407 2722 μῆλον,
435 2620 643 2724 decipias
625 2654 836 2724 apposuero
852 2621 962 2724 δήνεα
975 2621 1139 2720 μόχθων.

77 2810 80 2815 ’
219 2780 317 2848 Haec
331 2799 436 2871 quum
450 2781 585 2850 omnino
597 2805 666 2850 nou
679 2790 756 2850 suut
766 2789 905 2849 venuste
915 2779 1017 2868 dicta,
1042 2780 1137 2847 tum'
1127 2802 1201 2847 nure
1214 2777 1327 2848 offen-

221 2883 271 2951 dit
283 2885 371 2952 viros
391 2884 510 2952 doctos
526 2908 651 2953 nomen
665 2884 796 2971 Eridis,
822 2906 926 2973 quam
938 2883 1013 2970 hic,
1039 2883 1198 2972 quoniam
1214 2885 1327 2952 omnia

220 3009 309 3076 quae
323 2987 531 3078 praecedunt
547 2987 590 3055 de
609 3011 649 3055 ea
664 2997 740 3054 sunt
755 2987 820 3054 dea
834 2987 943 3073 dicta,
966 3009 1036 3056 non
1057 2985 1202 3053 decebat
1217 2989 1327 3056 nomi-

220 3090 324 3157 natim
342 3091 515 3180 appellari.
568 3091 640 3159 Sed
657 3113 699 3158 ex
715 3089 933 3177 coniecturis,
961 3113 1050 3178 quae
1062 3090 1218 3181 prolatae
1239 3100 1326 3180 sunt,

221 3192 328 3275 duae,
362 3215 449 3280 quae
469 3193 549 3259 ferri
569 3203 726 3285 possunt,
751 3194 918 3285 Lennepii
932 3194 1040 3266 ἔνθεν
1063 3191 1150 3289 ἄρα,
1178 3204 1213 3262 et
1224 3195 1327 3262 Wer-

221 3294 303 3362 nikii
325 3294 370 3361 ad
385 3295 576 3387 Tryphiod.
598 3322 634 3390 p.
658 3296 717 3365 37.
737 3299 844 3370 ἔνθεν
863 3298 921 3381 δέ,
947 3296 1081 3388 longius
1098 3296 1142 3363 ab
1164 3299 1327 3365 librorum

221 3399 386 3490 scriptura
402 3399 577 3486 recedunt,
604 3424 666 3468 nec
679 3401 799 3469 tollunt
812 3398 921 3485 aliud,
948 3399 1042 3488 quod
1059 3399 1093 3466 in
1107 3399 1158 3467 his
1175 3401 1326 3470 versibus

222 3501 394 3622 displicet,
420 3501 570 3597 μῆλον
560 3505 757 3572 mconcinne
778 3504 937 3594 positum.
991 3501 1111 3570 Codex
1134 3503 1327 3592 Vossianus,

223 3605 280 3694 qui
303 3605 402 3673 etiam
424 3627 456 3671 v.
477 3600 537 3671 55
564 3629 632 3673 nou
655 3605 934 3674 contemnendam
963 3607 1162 3696 scripturam
1191 3601 1327 3680 κόλπον

221 3709 382 3799 praebet,
406 3706 464 3775 hic
478 3706 621 3774 habet
601 3735 698 3803 apta,
724 3708 828 3798 idqne
844 3709 945 3777 etiam
965 3709 1000 3774 in
1019 3709 1133 3798 primo
1157 3690 1327 3780 Parisino-

222 3833 295 3878 rum
317 3824 419 3901 supra
444 3811 618 3902 vulgatam
644 3811 806 3932 scriptum
837 3820 897 3881 est.
948 3811 1018 3878 Pro
1047 3812 1180 3888 ἑλοῦσα
1212 3824 1326 3883 autem

222 3912 299 3980 cod.
328 3911 415 3980 Mut.
445 3913 584 3986 ἰδοῦσα.
636 3915 728 3982 Τιιιιι
747 3915 896 4005 quinque
918 3912 1019 3981 codd.
1048 3908 1183 4009 μήλων.
1235 3919 1326 3986 Hinc

222 4015 476 4107 corrigendum.

173 4162 223 4234 12
276 4167 422 4240 ἔνθεν
401 4193 478 4263 εριν
491 4170 671 4289 colinum
683 4162 976 4264 προαγγελον,
948 4197 1056 4293 ερνσς
1069 4171 1196 4243 ἰδοῦσα

275 4267 414 4365 μήλου,
442 4262 671 4366 ἀριζήλων
631 4301 654 4346 τ
687 4265 896 4371 ἐφράσσατο
913 4265 1022 4368 δήνεα
1036 4266 1201 4365 μόχθων
