2918 4890
197 474 201 483 ’
284 471 461 577 Δαρδοίνη
481 480 519 554 δὲ
529 480 724 580 θανοῦσαν
738 475 812 569 ῦπδ
824 475 932 579 ξηρήν
946 483 1038 556 θέτο
1052 489 1161 578 μαῖαν

337 587 617 669 καλλιωναιζαον
633 579 676 655 δ’
688 578 801 680 η’λθιν
816 579 1077 681 α’ποπρολιποδν

178 709 180 716 ι
207 674 258 751 45
290 680 401 781 ι’ίκρην
420 689 454 766 ,ἐς
467 685 694 779 Κολοφῶνα·
722 679 816 779 γόων
838 682 874 759 δ’
888 683 1108 780 ἐνεπλήσατο
1121 687 1282 785 βίβλους,

335 778 434 882 ipsis,
461 791 498 866 ἐκ
513 781 649 867 παντδς
663 783 894 882 παυσάμενος
907 783 1086 882 καμοίτοα.

283 886 443 979 Λέσβιος
457 885 624 970 Ἀλκαῖος
641 889 680 962 δὲ
689 883 826 974 πόσους
842 887 1033 974 ἀνεδέξατο
1051 887 1208 987 κοίμους,

334 993 515 1087 Σαπφοῦς
530 991 715 1088 φορμίζων
729 987 924 1090 ἱμερόεντα
940 993 1083 1084 πόθον,

264 1261 315 1327 43.
336 1261 408 1322 Veri
429 1260 624 1320 simillimum
637 1270 714 1342 puto
740 1283 820 1340 esse,
851 1263 933 1342 quod
956 1263 1124 1344 Lennepius
1145 1264 1282 1342 coniecit,

179 1342 356 1428 lapitensis
369 1346 527 1425 legendum
542 1366 606 1406 essa
620 1367 678 1427 pro
694 1347 826 1428 eoquod
842 1347 916 1410 Ven.
931 1357 961 1408 et
978 1351 1064 1411 Laur.
1080 1348 1191 1410 habent
1207 1351 1282 1431 δαρ-

179 1426 273 1513 δῦνη,
295 1433 326 1490 in
342 1432 410 1492 edd.
425 1440 499 1492 vett.
513 1426 687 1513 δαρδοίνην,
708 1432 740 1492 in
756 1433 819 1494 Pal.
839 1427 976 1515 περδοίνη
988 1434 1145 1514 scriptum.
1189 1435 1219 1493 si
1240 1435 1280 1494 ita

179 1527 238 1591 est,
275 1518 378 1685 nppcio
400 1517 547 1597 synizesin
576 1526 687 1598 poeta,
716 1538 763 1586 ⁴an
782 1518 931 1578 insuetam
955 1519 1174 1599 correptionem
1192 1539 1281 1602 prae-

178 1602 293 1662 tulerit.
1187 1648 1189 1652 -

264 1687 314 1754 44.
336 1688 411 1747 Ven.
425 1689 668 1762 καλλιωναϊζαου.
699 1687 787 1750 Laur.
802 1691 1047 1768 sollemnitates,
1070 1688 1178 1750 deinde
1193 1687 1280 1749 ambo

179 1773 317 1853 διῆλθεν.
361 1771 423 1830 Pal.
444 1771 515 1831 edd.
538 1781 611 1837 vett.
636 1765 775 1844 ualllov’
793 1772 879 1848 ίζαον
898 1774 1004 1854 δῆθεν.
1056 1774 1160 1853 llgenii
1183 1774 1281 1834 conie-

181 1868 309 1937 cturae,
332 1858 463 1933 κλαίων,
485 1854 598 1933 αἰάζων
620 1851 653 1922 δ’
676 1850 792 1937 ἦλθεν,
814 1867 845 1918 at
869 1859 1098 1919 novissimorum
1131 1858 1282 1920 editorum

101 1946 104 1951 “
179 1944 298 2006 αἴλινον
320 1938 433 2018 αλῦζων
449 1935 481 2005 δ’
499 1934 613 2023 ἦλθεν,
633 1944 732 2003 obstat
749 1962 811 2003 non
825 1943 975 2021 eleganter
991 1945 1140 2004 adiectum
1156 1945 1281 2005 alterum
1381 2015 1385 2018 ,

178 2028 371 2110 participium
395 2023 626 2110 ἆποπρολιποίν,
649 2027 731 2108 quod
748 2047 840 2108 quum
859 2029 988 2107 aliquem
1008 2029 1212 2089 accusativum
1234 2049 1280 2090 re-

179 2119 299 2194 quirere
322 2113 480 2190 videatur,
508 2122 676 2195 praestaret
701 2113 784 2192 quod
803 2111 976 2173 Heinrichio
996 2115 1029 2174 in
1049 2123 1177 2174 mentam
1197 2115 1281 2174 venit

177 2200 342 2261 καλλίναον
357 2193 496 2278 ποταμόν
504 2245 513 2276 ,
535 2199 592 2259 nisi
604 2198 723 2278 longius
735 2198 772 2257 ab
786 2198 953 2258 litterarum
967 2199 1100 2278 vestigiis
1117 2199 1280 2260 recederet.

178 2285 346 2344 Permirum
364 2303 457 2352 vero,
481 2283 564 2362 quod
578 2293 694 2364 partem
709 2293 874 2364 corruptae
888 2284 1055 2364 scripturae
1069 2284 1150 2344 tueri
1163 2283 1281 2344 videtur

178 2367 366 2448 Hesychius,
396 2367 479 2447 apud
505 2389 594 2448 quem
612 2367 669 2430 hae
691 2369 816 2429 nimium
833 2380 976 2448 quantum
994 2369 1128 2430 diversae
1149 2368 1280 2429 eiusdem

181 2454 262 2515 vocis
277 2452 538 2534 interpretationes
554 2463 709 2536 prostant:
735 2447 857 2529 αλζαόν,
880 2451 936 2535 τὴν
957 2452 1051 2535 μέσην
1069 2450 1169 2537 ῦίραν,
1190 2463 1221 2514 et
1236 2454 1280 2516 oi-

179 2536 274 2617 ζῦων,
297 2532 377 2621 δρῦν
392 2536 533 2618 ῦψηλιῦν.
576 2540 723 2600 Poterunt
738 2538 813 2598 haec
832 2548 932 2599 tamen
954 2539 987 2598 in
1010 2540 1204 2599 concordiam
1226 2538 1279 2598 ad-

178 2625 266 2702 duci,
289 2644 392 2704 quam,
407 2623 440 2683 'si
459 2618 572 2700 αἰζιίων
583 2635 665 2685 reete
677 2625 891 2705 interpretatus
907 2634 951 2685 est
963 2625 1192 2704 grammaticus,
1213 2624 1279 2688 veri

178 2710 275 2770 simile
289 2710 337 2785 sit,
362 2729 440 2788 quae
455 2709 495 2768 ad
505 2705 609 2784 αἰζαδν
617 2709 785 2792 adscripsit,
808 2709 845 2768 ab
858 2710 990 2770 librariis
1005 2719 1147 2790 corrupta
1164 2729 1278 2789 esseex

178 2791 236 2876 τήν
251 2794 408 2876 μετέωρον.
451 2795 553 2854 Fuerit
573 2815 662 2874 ergo,
689 2795 714 2854 si
728 2795 816 2854 etiam
833 2795 971 2855 accentui
991 2795 1106 2874 aliquid
1124 2793 1207 2874 apud
1221 2793 1279 2853 He-

178 2880 317 2960 sychium
342 2879 536 2940 tribuendum
559 2890 620 2956 est,
649 2880 829 2940 adieetivum
849 2875 968 2957 αίζαόη,
998 2881 1149 2940 excelsum
1169 2877 1279 2957 signifi·

179 2987 269 3042 cans,
298 2974 473 3043 mutatoque
496 2975 621 3024 accentu
644 2965 862 3025 substantivum
880 2966 1000 3040 αίζαον,
1028 2975 1135 3025 vertex
1158 2963 1279 3033 montis,

179 3050 315 3111 similiter
331 3053 367 3110 ut
383 3071 420 3110 ex
435 3046 528 3124 αίπῦς
540 3049 652 3110 dietum
667 3060 713 3111 est
726 3051 871 3130 oppidum
888 3050 1049 3110 Messeniae
1062 3045 1155 3112 Αἶπυ.
1197 3049 1280 3108 Haec

180 3136 317 3214 quamvis
331 3135 462 3209 ineerta,
491 3144 591 3195 tamen
612 3145 735 3197 monent
754 3156 791 3195 ne
807 3145 919 3195 temere
934 3136 1117 3216 expellamus
1134 3133 1212 3193 illud
1235 3133 1279 3195 al·

181 3223 252 3292 ζαον
266 3240 304 3279 ex
322 3218 571 3280 Hermesianactis
589 3241 687 3283 versu.
733 3221 820 3281 Certe
839 3221 984 3300 suspicari
1000 3221 1088 3295 licet,
1119 3220 1162 3279 sic
1182 3218 1218 3278 ab
1243 3238 1278 3278 eo

179 3303 328 3384 scriptum
341 3323 420 3363 essee
446 3301 581 3384 Τμοίλιον
606 3306 711 3378 αίζαον
725 3298 758 3367 δ’
775 3297 875 3383 ἦλθεν
888 3301 1114 3387 οίποπρολιποίν.
1159 3303 1279 3382 Egregie

179 3409 249 3447 cum
271 3386 320 3447 his
344 3389 507 3449 concinunt
527 3389 683 3449 Strabonis
703 3389 796 3448 verba
815 3390 866 3450 lib.
887 3391 970 3452 Xlll.
992 3412 1022 3471 p.
1044 3394 1116 3456 928.
1137 3389 1170 3448 B·
1192 3387 1279 3468 (625.

180 3469 322 3552 Casaub.)
344 3471 516 3553 ὑπέρκειται
536 3472 570 3536 δὲ
587 3477 647 3536 νῦν
660 3473 805 3555 Σαρδίων
822 3474 841 3539 δ
863 3479 1003 3557 Τμῶλος,
1027 3469 1171 3553 εῦδαῖμον
1182 3547 1185 3552 ,
1197 3468 1279 3553 ῦρος,

179 3558 213 3623 ἐν
232 3562 272 3645 τῇ
292 3551 443 3644 ιίκρωρείη
461 3554 580 3639 σκοπήν
594 3557 669 3639 ἔχων
684 3557 737 3621 καλ
756 3557 878 3643 ἐξέδραν
897 3565 1007 3624 λευκοῦ
1022 3562 1129 3635 λίθου,
1152 3560 1280 3640 Περσῶν

180 3643 285 3728 ἔργον,
307 3637 367 3723 ἐφ’
382 3635 420 3706 οῦ
440 3636 651 3706 κατοπτιῦεται
665 3639 702 3707 τοί
715 3639 792 3708 κῦκλ
831 3645 929 3710 πεδία.

264 3729 316 3796 45.
338 3728 453 3809 Scripsi
469 3723 578 3808 ίίκρην.
600 3728 672 3790 Ven.
688 3730 775 3794 Laur.
791 3754 897 3813 ακρον.
924 3731 986 3792 Ριλ.
1000 3749 1067 3789 cum
1085 3726 1153 3787 edd.
1170 3721 1278 3807 ίίκραν.

264 3815 315 3880 47.
337 3815 430 3874 Recte
449 3812 715 3875 ltlitscherlichium
735 3816 774 3875 ad
794 3816 881 3878 Hom.
895 3815 927 3877 h.
944 3816 1009 3876 Cer·
1032 3835 1064 3894 p.
1086 3811 1156 3879 225.
1173 3831 1278 3872 emen·

178 3898 265 3960 dasse
276 3908 351 3979 puto
370 3895 555 3976 οίνεδείξαιο,
574 3898 742 3962 dedicavit.

247 4100 278 4224 f)
297 4099 463 4170 Δαρδανίην
478 4096 524 4166 ot,
542 4092 693 4155 θανοῦσαν
713 4095 760 4155 δι’
777 4097 807 4154 ἒν
827 4099 897 4172 ξήρη
913 4096 981 4155 θίιο
996 4099 1076 4169 γαίη,
1094 4096 1207 4152 κάλλιον
1222 4091 1278 4151 aial·

179 4172 238 4225 δων
261 4174 339 4240 pluas
360 4163 557 4236 οίποκρολιποδν
571 4165 660 4238 ἄκραν
674 4167 702 4233 ἐς
726 4174 759 4226 Κ.
778 4170 908 4239 Gtatltng.
927 4169 1129 4240 ap.Weberum‚
1148 4166 1192 4234 qui
1205 4172 1278 4232 Δαρ-

180 4240 280 4310 δανίης
301 4239 422 4303 coniicit,
446 4244 473 4292 et
489 4237 635 4308 elegantius
652 4244 730 4309 putat
749 4233 793 4296 ῦιι
814 4237 866 4308 ξῆρ
900 4237 969 4293 θέτο
988 4238 1062 4308 γαίη.
1079 4238 1114 4290 cf.
1133 4236 1230 4290 Osann.
1244 4235 1279 4289 ad

180 4310 282 4381 Apulei.
297 4310 331 4364 da
343 4309 460 4378 orthogr.
472 4325 499 4378 p.
511 4309 555 4364 2³.
569 4312 597 4362 et
607 4307 800 4379 Schellauberg.
815 4310 849 4365 ad
861 4258 1004 4363 inumata.
1014 4324 1041 4377 p.
1059 4308 1100 4376 12.

1366 244 1379 279 λ

427 286 1037 358 nunussrasscrisrssor·
1099 240 1109 374 J
1220 302 1302 392 ²4⁶.
1373 344 1376 348 ,
