2918 4890
418 276 656 346 cnmsrnno
683 276 841 381 vernn
867 278 1032 347 necno.
1145 326 1150 333 .

321 470 472 549 cnidus
496 466 604 545 verbo
628 470 745 541 vitiam
770 478 873 563 atque
890 472 1009 544 inanes

583 584 746 703 Tangere
771 632 894 703 ungu.

322 798 454 891 Pergez
479 818 560 867 nam
583 796 671 866 vires
695 794 757 866 tibi
781 818 851 867 non
875 804 1053 885 senectus,

319 938 400 1005 Non
423 935 521 1004 labor
546 934 649 1027 fregit
674 934 844 1028 sapienter
867 956 948 1024 nso,

319 1073 395 1145 Nec
420 1074 570 1169 fatigaris
595 1072 753 1167 graviora
771 1094 917 1165 semper
998 1158 1013 1170 ο

580 1210 741 1281 Pondera
761 1210 899 1299 tollens,

318 1417 437 1488 Altera
461 1416 521 1509 qni
544 1426 625 1510 post
649 1414 817 1486 decimam
842 1413 985 1485 decorus

317 1556 492 1647 Purpura,
516 1554 647 1622 Rectcr
671 1553 761 1621 bene
786 1561 867 1621 nota
891 1562 1005 1646 gestas

317 1692 483 1785 Sceptra,
510 1712 579 1783 qno
604 1712 718 1759 rernm
742 1713 832 1759 nova
856 1698 890 1758 te
915 1692 1057 1761 nitescat

577 1827 739 1898 Praene
765 1799 887 1901 foma.

318 2034 408 2103 Hinc
433 2032 545 2102 ferens
571 2033 661 2130 grati
685 2032 744 2133 pia
770 2032 865 2125 signa
891 2031 1003 2101 cordis

315 2172 373 2240 Te
399 2194 496 2241 sunm
520 2170 632 2263 longis
658 2170 807 2239 celebrat
833 2170 974 2239 catervis

318 2307 443 2379 Civitas
469 2318 603 2397 nostra,
629 2316 664 2377 et
688 2309 779 2376 bona
803 2316 883 2376 vcta
907 2329 995 2400 puro

575 2445 760 2538 Nnncapat
784 2466 863 2530 ore;

314 2653 538 2743 Nnncnpant‚
564 2646 660 2741 (nam
680 2674 764 2741 quas
786 2660 844 2720 tna
869 2675 938 2721 non
963 2650 1106 2720 adoras

314 2780 422 2858 Fama
443 2789 569 2856 clarata
593 2789 690 2880 est?)
719 2790 816 2857 simul
841 2791 926 2858 orbe
950 2798 1036 2858 toto·

315 2927 385 3013 Qui
412 2926 633 2996 recordantur
657 2948 800 2994 numero
828 2936 978 2997 carentes

574 3062 687 3131 Docta
711 3063 863 3155 magistri

312 3243 429 3359 Dicta,
455 3288 561 3357 quum
586 3262 706 3335 sedere
731 3266 830 3335 avida
854 3268 1008 3338 bibentes

312 3406 406 3476 Aure
432 3405 615 3472 concinnae
640 3404 782 3471 nitidum
807 3405 964 3495 loquelae

312 3542 457 3611 Flumen
480 3550 514 3610 et
539 3528 626 3610 salso
652 3540 740 3610 bene
765 3548 956 3634 temperata

572 3678 669 3747 Seria
692 3677 769 3747 risu.

311 3865 386 3935 Sint
410 3863 471 3933 tibi
495 3862 623 3933 fructus
645 3863 771 3955 placidi
796 3864 972 3958 laborum,

311 4002 364 4071 Sit
383 3980 492 4071 virens
518 4002 623 4093 longo
650 4000 756 4092 spatio
780 4012 933 4091 senecta,
968 4012 1072 4096 atque

310 4138 461 4231 impigre
484 4139 602 4229 quinos
629 4137 741 4205 decies
762 4162 827 4230 per
852 4164 956 4211 annos

570 4275 715 4346 Munere
740 4285 840 4367 gesto
