2918 4890
576 219 661 280 LlB.
684 219 722 281 ll.
767 222 865 285 CAP.
888 226 919 288 t
1257 233 1301 296 tt

186 401 300 488 κότις.
328 401 486 481 Πλσίτον
503 401 861 506 Νόμωνδοθεκσίτῳ
887 411 938 538 (p.
956 406 1181 506 958.1).)
1143 444 1217 490 ειτε
1239 446 1294 501 τις

186 505 349 607 θῆλυςῆ.
401 510 635 602 Xenophontis
651 514 756 580 verba
771 484 861 582 surit:
889 543 915 585 ω
905 511 1154 610 Χρυσάντα,
1179 525 1301 616 μηθέν-

60 637 71 649 ·
187 639 229 686 σε
250 604 475 686 λυπούντων.
488 621 528 686 αἱ
549 615 619 687 τοῦ
643 611 840 743 Ἀσσυρίου
864 614 1157 712 παρακελεύσεις
1185 621 1292 697 ου’δε-

183 713 256 808 μία
271 709 341 836 γοίρ
357 718 458 787 ἐστιν
473 713 566 788 οὕτω
581 710 672 811 καλη
691 717 911 840 παραίνεσις,
926 717 1007 840 ῆτις
1019 748 1104 801 τους
1118 751 1170 845 pn
1186 724 1293 807 ὄντας

183 811 350 909 σίγαθονς
373 811 588 914 αὐθήμερον
615 814 840 943 οἰκορίσαντας
860 816 1022 913 α’γαθους
1042 818 1202 914 ποιήσει·
1228 825 1293 901 οὐκ

184 920 233 992 ἂν
253 916 320 993 οὖν
343 915 494 1002 τοξότας
508 949 568 1012 γε,
596 924 631 993 εἰ
643 915 696 1017 μή
717 923 928 1045 ἔμπροσθεν
949 926 1062 997 τοῦτο
1086 923 1292 1025 μεμεληκό-

183 1049 244 1101 τες
266 1019 354 1100 εἶεν,
383 1019 467 1095 οὐδε
485 1050 559 1144 μην
576 1019 812 1112 α’κοντιστσίς,
842 1023 926 1098 ου’δε
944 1053 1017 1122 μην
1039 1031 1182 1110 ἱππεᾝας
1211 1027 1293 1105 α’λλ

184 1121 272 1244 ου’δὲ
290 1152 364 1248 μην
379 1118 428 1197 τα’
450 1152 490 1216 γε
507 1119 659 1214 σσίματα
675 1120 818 1206 ἱκανυυς
835 1134 973 1215 πονεῖν,
1002 1133 1037 1201 εί
1054 1124 1108 1226 μή
1128 1127 1293 1225 πρόσθεν

183 1221 376 1351 ἠσκηκότες
398 1223 474 1300 σίσι.
526 1229 622 1297 Plato
644 1238 756 1296 autem
779 1230 826 1296 sic
849 1231 980 1300 scribit:
1007 1232 1090 1327 περὶ
1099 1230 1293 1351 τελευτή-

182 1356 318 1409 σαντας
332 1324 456 1426 δή,
419 1358 491 1402 ειτε
506 1357 560 1409 τις
578 1329 690 1427 ἄρ’ρην
708 1334 781 1403 εἴτε
798 1359 853 1411 τις
869 1330 1022 1426 θῆλυς
997 1364 1032 1429 η,
1059 1328 1108 1407 τοί
1124 1337 1192 1425 μὲν
1209 1334 1292 1433 περί

181 1459 232 1504 τα
223 1425 333 1504 θεῖα
349 1427 491 1524 νόμιμα
510 1433 582 1504 τῶν
598 1461 638 1504 τε
655 1427 727 1505 ὑπό
743 1435 804 1526 γῆς
820 1435 916 1506 θεῶν
931 1436 990 1506 καί
1005 1437 1078 1508 τῶν
1094 1437 1243 1531 τῇδε,
1221 1465 1290 1512 οσα
1380 1446 1383 1451 ’

180 1527 349 1630 προςήκει
359 1537 556 1619 τελεῖσθαι,
570 1528 653 1613 roric
664 1529 1028 1633 ἑξηγητσίςγίγνεσθαι
1040 1538 1184 1632 κυρίους
1194 1536 1291 1635 φρσί

181 1645 318 1722 ζοντας.
356 1636 492 1725 nequo
513 1639 590 1704 loco
607 1637 703 1706 iufra
756 1638 844 1708 Cum
860 1637 986 1708 Cratini
1002 1642 1112 1710 verbis
1130 1665 1292 1736 compara

181 1737 292 1829 Soph.
307 1740 422 1830 Antig.
441 1739 527 1811 710.

286 1853 367 1932 ἀλλ’
382 1855 517 1953 ἄνδρα,
544 1860 603 1930 κεῖ
612 1853 704 1954 τνςῇ
722 1852 853 1956 σοφός,
880 1888 924 1932 το
917 1851 1148 1952 μανθάνειν

284 1953 389 2035 πόλλ
396 2009 407 2049 ,
434 1955 585 2058 αισχρόν
605 1957 720 2034 ου’δίν.

178 2095 227 2167 Vt
240 2097 408 2167 declarem
423 2121 510 2188 quae
524 2099 608 2166 ratio
624 2100 666 2167 sit
678 2098 776 2167 huius
793 2097 1056 2182 constructiouiS,
1082 2107 1156 2168 utar
1172 2123 1289 2171 exem-

177 2201 259 2292 plo,
284 2202 378 2292 quod
394 2211 445 2271 est
458 2203 492 2270 iu
511 2200 602 2274 Oed.
619 2204 663 2270 R.
678 2200 764 2273 198.
1320 2198 1324 2209 “

343 2341 439 2414 τέλει
464 2333 533 2434 ρσίρ
562 2342 599 2413 εἴ
619 2365 658 2412 τε
683 2332 745 2422 nd}
771 2334 870 2435 υἷφῇ,

177 2559 335 2652 Apparet
346 2561 414 2630 hoc
428 2571 585 2652 quattuor
598 2561 707 2630 modis
727 2563 793 2631 dici
807 2561 968 2654 potuisse,
994 2572 1052 2630 aut
1066 2561 1123 2647 sic,
1148 2571 1186 2630 ut
1201 2563 1286 2631 scri-
1315 2622 1320 2631 ,

177 2665 246 2788 psit
267 2664 476 2755 Sophocles,
502 2667 614 2735 autri
630 2691 668 2737 τι
685 2661 884 2792 α’φιησινη,
879 2676 936 2733 aut
956 2668 993 2738 εἴ
1009 2694 1048 2737 τι
1071 2661 1194 2762 α’φείη
1186 2720 1200 2753 ,
1228 2676 1286 2734 aut

177 2764 223 2861 ἦν
237 2794 275 2838 τι
290 2762 376 2863 αἱρῇ
427 2767 560 2836 Horum
575 2766 680 2853 illud,
707 2771 745 2839 εἴ
760 2796 798 2839 τι
815 2763 984 2863 αφίησιν,
1010 2768 1044 2835 εί
1066 2767 1154 2856 quid
1172 2769 1284 2836 relin-

178 2868 272 2959 quit,
295 2869 488 2961 simpliciter
504 2870 548 2937 ad
571 2871 744 2938 veritatem
767 2869 846 2936 facti
863 2870 1016 2938 refertur.
1065 2870 1289 2958 Alterum,
1252 2899 1283 2942 ει

176 2997 213 3042 τι
228 2966 352 3068 α’φείη,
379 2996 410 3042 εν
404 2972 521 3064 quid
538 2973 733 3064 relinquat,
755 2995 828 3040 reru
845 2973 997 3062 profert,
1023 2972 1086 3037 ut
1077 2995 1110 3038 ru
1134 2975 1205 3039 sola
1222 2995 1281 3040 co-

174 3073 336 3164 gitatione
349 3077 510 3166 positam,
533 3098 601 3165 quo
617 3076 802 3143 excluditur
815 3076 953 3161 veritas,
977 3083 1011 3142 et
1025 3073 1093 3140 hoc
1110 3075 1283 3143 dumtaxat

175 3176 305 3261 dicitur,
331 3178 364 3246 oi
379 3179 582 3269 relinquat,
611 3179 798 3270 quodiam
815 3179 936 3247 animo
953 3176 1208 3269 cogitabimus,
1235 3179 1281 3246 li-

175 3289 232 3348 cet
244 3277 416 3372 forsitan
435 3305 506 3350 non
519 3280 611 3377 fiat.
664 3282 817 3348 Tertium
829 3285 865 3352 εἴ
876 3269 913 3351 τι
929 3276 1027 3374 α’φῇ,
1055 3281 1088 3347 ei
1111 3282 1198 3372 quid
1220 3304 1281 3348 re·
1364 3344 1370 3353 .

173 3381 338 3474 liquerit,
372 3395 563 3479 respectum
595 3384 852 3474 comprehendit
880 3383 1122 3474 experientiae,
1157 3407 1280 3473 exspe—

173 3485 400 3575 ctaudumque
424 3511 496 3556 esse
519 3487 664 3574 indicat,
690 3495 728 3554 ut
748 3487 912 3575 relinquat
934 3495 991 3552 aut
1014 3507 1081 3552 uon
1104 3487 1279 3574 relinquat.

171 3586 261 3655 Huic
274 3589 396 3674 simile,
424 3591 486 3658 sed
505 3591 640 3658 minime
660 3598 775 3657 tamen
794 3590 885 3657 idem
908 3598 958 3656 est
975 3598 1147 3678 quartum,
1176 3587 1219 3682 ἤν
1242 3616 1281 3659 τι

172 3688 262 3785 cippi,
289 3691 323 3760 oi
337 3693 426 3783 quid
438 3692 547 3785 sorte
561 3693 759 3784 reliquerit.
800 3694 889 3761 Nam
905 3691 972 3760 hoc
988 3693 1049 3759 etsi
1063 3690 1185 3758 eodem
1202 3714 1279 3757 cum

170 3803 328 3885 respectu
344 3797 569 3888 experientiae
592 3796 722 3880 dicitur,
749 3804 873 3879 tamen,
900 3796 977 3883 quia
995 3817 1059 3884 per
1080 3794 1280 3885 particulam
1362 3808 1365 3818 ’

171 3892 216 3966 σίν
229 3897 402 3965 imminuta
418 3908 469 3967 est
490 3908 524 3967 et
540 3899 682 3967 debilior
697 3900 787 3966 facta
802 3899 849 3965 vis
865 3897 1049 3988 particulae
1069 3897 1280 3964 conditiona-

169 3996 219 4084 lis,
242 4000 325 4068 illud
344 4002 492 4085 accedit,
519 4011 557 4070 ut
573 4004 711 4070 forsitan
729 4024 795 4069 uox
809 4000 933 4088 aliquid
948 3999 1121 4084 relictura,
1140 4001 1195 4066 vel
1210 4022 1278 4066 nou

168 4101 324 4170 relictura
351 4105 567 4196 significetur.
620 4105 661 4172 ld
685 4128 752 4172 uou
773 4112 824 4170 est
851 4105 884 4170 in
909 4103 967 4169 illo
993 4103 1029 4171 εἴ
1046 4129 1084 4173 τι
1109 4094 1172 4182 nri}
1191 4097 1279 4195 σίφῇ,

167 4201 284 4293 inquo
300 4208 461 4299 quianon
483 4209 618 4276 accedit
638 4207 721 4276 illud
726 4206 915 4301 forsitan,
942 4205 1064 4272 certior
1087 4207 1137 4272 est
1154 4212 1188 4270 et
1206 4202 1278 4270 for-

217 4319 339 4394 Huuu.
362 4325 429 4399 01³.
455 4327 513 4396 lv.
1038 4321 1073 4390 G
