2918 4890
184 325 248 388 102
514 317 580 378 ult
616 309 965 380 ranmcvnttv

189 513 290 584 etiam
303 510 338 576 in
352 508 422 575 aliis
438 507 539 595 loeis,
564 508 625 574 ut
616 529 651 574 ιιι
664 506 733 574 hoc
749 506 919 574 Herodoti
932 503 1023 575 Vlll
1040 502 1100 573 18.
1127 504 1208 572 ubi
1199 512 1307 574 mter-

191 613 325 708 roganti
345 611 437 702 regi,
464 633 518 677 an
526 611 640 699 aliqua
657 610 824 678 salutis
793 633 848 677 vra
864 593 995 699 reliqua
1011 609 1071 693 sit,
1098 610 1309 700 gubernator

189 718 284 788 navis
305 714 521 805 respondisse
545 713 683 782 dieitur·
711 715 890 801 δέσποτα,
921 709 986 784 οὐκ
1010 711 1109 784 ἔστιν
1135 709 1307 806 οὐδεμία,

192 824 227 894 εἰ
244 814 298 917 μή
313 819 473 892 τουτέων
492 811 681 912 ἀπαλλαγή
696 844 751 896 τις
769 818 918 912 γένηται
931 815 1004 888 τῶν
1020 815 1162 887 πολλῶν
1179 820 1304 908 ἐπιβα-

191 925 292 998 τέων.
334 919 462 990 Omnes
475 919 533 987 hic
548 921 626 988 libri
640 929 775 988 tuentur
789 921 832 991 εἰ.
873 919 963 986 Nam
976 917 1034 984 hic
1049 940 1186 1009 quoque
1200 919 1308 986 maior

195 1025 363 1118 quaedam
383 1025 432 1093 vis
458 1025 657 1113 requiritur,
690 1045 793 1114 quam
815 1044 902 1112 quae
926 1030 976 1090 est
1001 1021 1036 1088 iu
1057 1023 1225 1112 particula
1248 1021 1309 1118 ήνι

193 1130 281 1216 nisi,
308 1128 402 1219 quod
417 1151 538 1196 vereor
555 1129 687 1215 dicere,
713 1126 787 1196 Ιιαο
806 1135 993 1195 vectorum
1009 1126 1242 1195 multitudine
1263 1127 1309 1211 li-

197 1234 377 1306 duremur.
430 1234 599 1300 Aeeurate
620 1231 765 1300 distinxit
787 1231 958 1298 Lucianus
976 1229 1063 1301 Dial.
1078 1240 1214 1304 meretr.
1234 1231 1308 1297 vll.

199 1339 231 1407 l.
258 1336 378 1409 ΤΗΙ.
406 1360 443 1427 p
462 1333 549 1423 296,
568 1334 629 1409 73
657 1329 750 1408 α’λλά
769 1359 970 1454 προφάσεις
985 1360 1059 1417 αει,
1085 1360 1144 1404 και
1160 1335 1309 1423 υποσχε

80 1533 82 1543 ρ
187 1453 288 1525 σας,
315 1439 373 1511 καὶ
375 1464 526 1560 μακραι
517 1438 695 1527 ἐλπίδες,
721 1435 886 1509 καιπολύ
905 1463 948 1509 το
977 1429 1055 1508 ε’άν
1082 1433 1102 1508 ὁ
1129 1431 1309 1563 πρτήρ,

196 1535 490 1634 καὶείκάριος
514 1532 1092 1659 γένωμαιτωνπατρῴων,
1119 1531 1311 1610 καὶπάν-

196 1674 252 1718 τα
280 1641 344 1717 σά.
383 1642 574 1710 Fortuitum
595 1653 646 1710 est
661 1644 767 1726 enim,
794 1642 930 1730 quaudo
947 1641 988 1714 sit
1001 1652 1100 1732 pater
1114 1643 1310 1725 moriturum

194 1748 279 1816 illud
302 1754 415 1814 autem
435 1756 472 1813 ut
497 1757 626 1814 eertum
650 1745 795 1813 ostendit
819 1744 1033 1830 adolescens,
1070 1745 1251 1834 aliquando
1274 1770 1311 1814 se

195 1852 302 1943 patris
327 1850 417 1916 bona
440 1872 683 1940 possessurum.
736 1848 831 1915 Male
849 1847 898 1915 ibi
918 1847 1056 1916 Belinus
1079 1848 1124 1916 de
1143 1847 1245 1915 Ballu
1267 1847 1310 1944 ἢν

195 1976 261 2046 pro
278 1956 312 2025 εἰ
323 1954 443 2045 reponi
459 1954 571 2020 voluit.
625 1950 760 2019 Eadem
783 1952 868 2018 ratio
884 1949 1016 2018 videtur
1033 1974 1106 2019 esse
1121 1950 1219 2020 huius
1234 1952 1310 2031 loci,

195 2057 412 2124 mPrseatore
430 2053 489 2123 22
507 2056 591 2128 T..l
620 2079 657 2176 p.
679 2050 767 2140 592,
791 2052 852 2126 16.
872 2053 939 2126 κάν
959 2054 1139 2177 σριδοκῇ,
1166 2048 1310 2126 κάκεῖνό

197 2186 270 2232 που
288 2154 525 2254 παράβυσον,
553 2185 598 2239 ως
614 2157 635 2230 o‘
650 2160 760 2251 μέγας
775 2150 866 2237 Ζευς
881 2183 1016 2278 πτηνον
1030 2154 1134 2252 άρμα
1152 2154 1310 2231 ἐλαύνων

67 2282 71 2293 '
196 2255 483 2358 ἀγανακτήσειεν
499 2260 545 2332 άν
555 2315 569 2348 ,
596 2263 631 2331 εἰ
645 2289 696 2380 μη
720 2257 825 2342 οὗτος
839 2253 979 2361 υπάσχγγ
999 2286 1066 2354 την
1084 2259 1192 2378 δέκήν
1244 2259 1312 2327 Vbi

198 2366 259 2433 etsi
275 2366 374 2432 etiam
397 2364 564 2453 optativus
580 2364 662 2454 poni
675 2364 802 2453 potuit,
828 2371 941 2430 tamen
957 2363 1068 2467 aptior
1083 2363 1311 2432 coniunctivus

198 2467 347 2552 videtur,
374 2489 478 2555 quum
490 2475 579 2532 totus
596 2465 751 2557 dialogus
767 2466 813 2532 ad
827 2456 1010 2534 vindictam
1024 2466 1222 2533 sumendam
1235 2476 1312 2534 ten-

197 2569 265 2651 dat.
317 2569 480 2636 Distincte
497 2568 708 2635 coniunctivo
725 2591 802 2636 usus
823 2578 873 2636 est
889 2567 1081 2660 Aleiphron
1097 2569 1156 2637 111.
1173 2567 1233 2638 21.
1252 2569 1312 2636 ubi

196 2667 334 2758 mulier,
362 2672 528 2762 capellam
544 2671 751 2763 negligentia
766 2672 910 2763 caprarii
930 2695 951 2738 a
971 2672 1058 2793 lupo
1072 2682 1204 2762 raptam
1226 2673 1312 2740 seri·
1387 2739 1389 2744 .

132 2770 134 2775 ’
196 2775 300 2896 herus,
327 2774 440 2843 addit.
468 2775 649 2847 πέπυσται
677 2775 716 2847 dd
739 2770 845 2848 oudin
867 2768 1010 2847 τούτων
1037 2801 1056 2846 ο
1079 2770 1191 2897 άνήρ·
1219 2803 1251 2849 ει
1245 2773 1312 2847 δε

196 2871 324 2999 μάθῃ,
350 2871 570 2996 κρεμήσεται
586 2879 655 2971 μὲν
677 2882 715 2950 ἐκ
734 2877 798 2994 τής
818 2875 967 3001 πλησίον
982 2875 1109 2958 πίτυος
1132 2906 1151 2950 ο
1143 2877 1312 2970 μισθω

197 2973 279 3068 τός,
307 2973 427 3059 αὐτος
434 2980 472 3051 δέ
486 2975 533 3099 pri
554 2973 736 3101 πρότερον
758 2973 885 3076 αἰνήσει
903 2973 1025 3051 πάντα
1038 2975 1311 3075 μηχανώμενος,

198 3107 282 3177 πριν
306 3075 370 3162 τάς
395 3073 496 3176 παρά
518 3108 585 3152 του
572 3075 715 3154 ’λάκοι
732 3081 830 3163 δίκας
846 3075 1116 3170 εἰσπράξασθαι.
1167 3083 1216 3150 Ει
1222 3084 1311 3202 ‘epi-

197 3185 284 3252 stola
300 3182 359 3250 31.
381 3185 439 3250 ubi
462 3184 582 3250 mulier
598 3185 709 3270 urbis,
735 3179 837 3274 quam
854 3183 1004 3252 noudum
1024 3185 1231 3270 viderat,
1199 3209 1312 3254 visen-

197 3287 262 3355 dae
282 3286 404 3376 cupida
420 3287 551 3354 scribit:
579 3288 614 3358 εἰ
625 3313 689 3358 ουν
710 3313 768 3358 σοι
789 3281 973 3380 πρόφασις
989 3285 1079 3360 οδοῦ
1097 3288 1292 3361 άστυδε’
1248 3317 1313 3382 γε-

196 3418 322 3487 νηται,
350 3385 412 3483 ἧκε
428 3383 574 3472 άπάξων
590 3389 655 3461 νῦν
669 3386 771 3482 κάμέ.
825 3389 940 3456 Minus
961 3390 1086 3482 cupide
1105 3393 1311 3481 loqueretur,

196 3493 224 3559 si
249 3492 293 3587 τήν
317 3491 502 3582 posuisset,
529 3491 686 3584 alforte.
739 3493 858 3580 Nune,
886 3515 990 3581 quum
1013 3496 1048 3564 εἰ
1065 3493 1166 3579 dixit,
1194 3493 1312 3562 fortius

196 3605 312 3686 rogat,
339 3594 372 3662 si
390 3603 610 3687 praetextus
637 3605 807 3688 repertos
818 3593 959 3688 suerit:
985 3596 1102 3664 metuit
1128 3597 1234 3682 enim,
1268 3620 1312 3664 ue

198 3697 442 3787 praetermittat
456 3698 513 3765 ille
531 3698 678 3787 aliquam
693 3699 989 3790 opportunitatem.
1026 3699 1140 3790 Saepe
1156 3701 1214 3781 sic,
1237 3705 1326 3766 ma-·¹

195 3800 283 3867 xime
307 3823 362 3890 ap.
384 3792 620 3887 Aristotelem,
647 3804 682 3872 εἰ
700 3823 905 3892 praegresso
933 3799 1000 3891 άν,
1022 3811 1060 3869 ut
1081 3803 1125 3870 de
1148 3825 1255 3874 somn.
1279 3812 1314 3871 et

196 3903 287 3994 vigil.
314 3926 351 3992 p.
375 3900 461 3970 685.
489 3905 532 3975 A.
561 3903 628 3974 κάν
650 3905 691 3975 εἶ’
708 3904 822 3975 τοῦτο
849 3905 1008 3998 γένηται.
1032 3904 1076 3972 de
1097 3907 1190 3996 Rep.
1214 3907 1257 3976 ll.
1279 3904 1312 3975 l.

131 4077 133 4080 ,
196 4029 234 4098 p.
252 4003 337 4071 312.
356 4004 395 4073 C.
422 4003 489 4077 κάν
505 4007 543 4076 εἴ
553 4032 648 4085 τινες
664 4011 787 4101 ἕτεραι
804 4000 1028 4096 τυγχάνωσιν
1045 4002 1121 4082 άπο
1134 4037 1245 4082 τινων
1262 4011 1313 4080 εἰ·

199 4109 364 4231 ρημέναι.
391 4107 434 4175 11.
460 4106 493 4175 2.
513 4131 548 4199 p
564 4106 650 4180 313.
678 4106 770 4180 O.‘'
741 4133 854 4204 ωςπερ
878 4107 924 4182 άν
946 4137 977 4182 ει
973 4104 1167 4205 ’σταθμος
1188 4114 1313 4186 πλεῖον
1404 4184 1406 4188 .

198 4204 335 4306 ελκάση
1356 4267 1360 4276 -
