2918 4890
166 289 232 353 em
439 285 490 346 DE
513 285 698 348 MENSVRA
713 284 939 360 VTRIVSQVE
957 279 1007 348 ίίν.

168 471 308 644 luponis
338 469 530 566 fragmento
561 472 681 544 CVlll.
717 468 779 546 35.
813 472 908 563 quod
940 472 987 540 sic
1025 467 1296 539 emendandum

169 578 202 645 vi
229 583 320 644 etur:

271 720 378 800 πόλλ’
397 728 497 802 ἔστιν
523 734 562 804 ἐν
587 731 777 802 πολλαῖσιν
804 728 932 810 οἰκίαις
957 721 1068 815 κακαί,

274 846 431 929 decinis
456 845 548 921 ὅταν
574 850 730 943 ἐνέγκῃς,
757 841 886 941 οίγαθιί
910 842 1112 944 γενήσεται.

248 1019 327 1089 Hoc
354 1017 459 1110 igitur
491 1012 555 1091 εἀίν
587 1019 622 1086 in
654 1017 701 1091 ἄν
732 1026 942 1087 contractum
967 1017 1090 1108 corripi
1120 1013 1296 1082 credide-

171 1130 249 1193 mnt
272 1121 456 1207 Heathius‚
482 1121 674 1189 Brunckius
683 1175 697 1210 ,
723 1121 914 1207 lacobsius‚
947 1120 1125 1188 novissime
1149 1127 1294 1206 autem,

170 1224 266 1317 quod
286 1248 353 1317 ego
380 1223 516 1313 quidem
543 1225 662 1308 sciam,
688 1224 910 1309 Schaeferus‚
933 1223 990 1313 qui
1014 1224 1048 1290 in
1072 1221 1190 1289 indice
1208 1221 1295 1288 Ho-

171 1330 256 1400 meri
279 1352 316 1420 p.
340 1326 424 1395 141.
464 1351 569 1417 quum
598 1327 784 1396 Heathium
817 1337 851 1395 et
882 1325 1090 1395 anckium
1123 1312 1320 1393 auctores‘

172 1431 371 1521 nominavit,
410 1431 482 1499 iure
521 1432 720 1501 memoravit
750 1429 912 1501 anchii
950 1429 1210 1497 adnotationem
1244 1427 1297 1495 ad

173 1534 346 1627 Aristoph.
379 1534 467 1605 Plut.
488 1531 576 1602 482.
611 1558 679 1604 non
703 1537 785 1604 item
811 1536 910 1602 aliam
936 1534 981 1601 ad
1011 1533 1197 1600 sententias
1222 1555 1297 1599 co-

173 1641 340 1709 micorum
371 1659 408 1727 p.
432 1635 519 1707 336.
559 1639 629 1706 sive
662 1639 830 1707 secundae
869 1637 1022 1706 editionis
1056 1660 1091 1726 p.
1120 1632 1217 1706 269.
1256 1635 1298 1702 in

175 1766 243 1833 qua
268 1740 312 1808 de
332 1732 447 1829 quinto
469 1740 561 1832 pede
586 1741 725 1810 trimetri
751 1764 862 1811 sermo
887 1749 949 1809 est.
1010 1739 1141 1808 Tuetur
1171 1747 1299 1806 autem

175 1845 424 1936 correptionem
453 1845 552 1912 istam
577 1844 782 1915 Schaeferus
811 1844 944 1913 duobus
976 1845 1012 1911 in
1038 1865 1125 1932 quae
1150 1840 1299 1910 incide-

175 1956 228 2016 rat
253 1947 431 2043 exemplis,
458 1970 525 2014 uno
545 1947 717 2041 Euripidis
743 1950 777 2017 in
797 1948 912 2041 lphig.
933 1947 1011 2018 Aul.
1031 1942 1144 2014 1192.
1191 1945 1300 2015 Hea-

174 2050 239 2118 thii
262 2051 413 2143 probans
437 2051 678 2121 coniecturam:

716 2205 771 2286 τίς
797 2204 835 2279 δέ
860 2201 920 2278 καί
944 2199 1222 2300 προςβλέψεται

280 2323 419 2398 παίδων
446 2321 503 2414 o’,
543 2324 589 2398 οίν
616 2321 736 2398 αὐτῶν
769 2324 997 2422 προθέμενος
1022 2319 1152 2417 κτάνῃς
1182 2316 1303 2417 τινοίς

178 2499 302 2584 altero,
334 2517 435 2564 versu
464 2494 620 2582 heroico,
654 2517 757 2584 quern
789 2517 832 2562 ex
862 2493 1037 2563 Plutarchi
1068 2492 1160 2561 Mor.
1198 2495 1249 2564 T.
1273 2496 1303 2565 l.

177 2624 213 2693 p.
233 2598 294 2667 99.
322 2598 375 2666 ed.
396 2597 570 2687 Wyttenb.
596 2599 617 2664 i.
645 2620 674 2666 e.
708 2621 751 2665 eu
777 2597 865 2666 libro
890 2598 933 2666 de
964 2597 1138 2666 audiendis
1176 2601 1304 2690 poetis

178 2727 214 2795 p.
234 2700 293 2771 24.
321 2696 361 2770 C.
389 2699 505 2769 affert:

283 2866 375 2953 Zedc
395 2865 464 2968 μαίρ
492 2876 528 2943 οἱ
548 2871 702 2963 νεμέσα,
737 2870 783 2944 ἄν
803 2871 971 2966 ἀμείνονι
998 2873 1092 2969 φωτί
1112 2865 1304 2967 μαίχοιτο.

134 3092 137 3097 ·
180 3045 234 3115 De
266 3028 439 3134 Euripidis
471 3063 590 3123 versu,
625 3043 660 3109 in
692 3065 760 3132 quo
793 3044 869 3112 libri
900 3067 1017 3112 omnes
1050 3035 1114 3117 εἀίν
1147 3041 1305 3133 habent,

180 3171 249 3217 non
284 3146 482 3231 meminerat
522 3144 604 3233 quid
636 3147 806 3215 Porsonus
844 3148 1041 3217 coniecisset
1075 3146 1120 3213 ad
1155 3147 1304 3222 Phoen.

181 3249 293 3320 1373.
346 3247 419 3318 Sed
438 3256 551 3315 tamen
574 3248 710 3316 soloece
732 3250 912 3318 Porsonus.
967 3250 1010 3318 G.
1034 3249 1240 3319 Dindorfius
1268 3253 1305 3320 in

181 3354 360 3422 novissima
382 3351 528 3419 editione
542 3351 777 3442 Aristophanis
801 3377 843 3421 eo
866 3376 935 3443 quo
958 3353 1026 3421 dixi
1050 3355 1128 3420 loco
1154 3375 1307 3423 versum

181 3458 276 3525 illum
301 3479 368 3523 una
394 3476 470 3520 curn
492 3455 621 3542 aliquot
646 3457 717 3523 aliis
745 3457 788 3524 ab
807 3457 945 3524 indocto
967 3457 1025 3522 illo
1046 3455 1186 3525 homine
1213 3461 1305 3526 seri-

182 3568 280 3652 ptum
306 3558 485 3640 existimat‚
521 3559 580 3645 qui
611 3567 662 3624 tot
695 3560 760 3626 aha
784 3563 818 3628 in
843 3561 901 3627 illa
926 3561 1042 3627 fabula
1066 3560 1219 3649 turpiter
1248 3563 1304 3628 in-

183 3661 413 3754 terpolaverit.
475 3658 565 3726 Mihi
597 3659 683 3729 haec
716 3664 903 3755 expeditior
935 3685 1036 3753 quarn
1068 3663 1171 3729 tutior
1209 3647 1304 3733 ratio

184 3766 333 3846 ridetur,
360 3762 588 3852 assentiorque
606 3763 760 3832 Porsono
786 3775 887 3855 atque
901 3766 1081 3856 Elmsleio‚
1107 3764 1199 3832 haec
1229 3792 1305 3836 nou

184 3869 219 3936 in
243 3866 506 3959 interpolationis
541 3867 766 3957 suspicionem
799 3869 1015 3937 trahentibus.
1077 3869 1303 3958 Elmsleium‚

185 3972 245 4061 qui
276 3970 321 4038 ad
348 3968 437 4038 Oed.
470 3967 708 4062 Regslaeo.
747 3968 797 4042 ἵν’
815 3968 937 4045 αὐτῶν
972 3972 1170 4065 προέμενος
1201 3970 1304 4046 κτοί-

184 4100 246 4170 νῃς
271 4065 357 4145 envoi
379 4073 536 4161 coniecit,
569 4073 663 4160 qnod
688 4061 843 4164 repetens
871 4074 916 4142 ad
945 4073 1093 4142 Medeae
1119 4097 1151 4144 v.
1177 4073 1303 4146 1919.

186 4186 255 4244 not.
281 4176 314 4243 d.
349 4175 510 4243 audacter
544 4199 580 4242 se
612 4178 828 4271 προέμενος,
872 4177 1063 4245 dubitanter
1096 4172 1145 4248 ἵν’
1175 4200 1304 4250 emen-

187 4279 269 4347 dare
295 4278 392 4366 dixit,
428 4301 495 4370 ego
522 4277 660 4368 quidem
685 4302 752 4347 non
779 4281 934 4353 debuisse
965 4280 1195 4377 προθέμενος
1221 4308 1305 4353 mu-
