2918 4890
569 272 727 339 11111v.
771 273 924 343 (ΞΛΜ.
962 269 967 277 Χ
1055 283 1057 297 “
1242 284 1308 349 195

198 459 279 526 dixit
295 481 360 551 pro
383 456 464 533 ἀλλ’
482 456 526 558 ἤν
544 459 591 536 οἷν
613 459 738 555 ἄλγος,
765 463 828 532 sed
852 486 928 533 eam
945 463 1079 557 ellipsin
1101 463 1225 540 doirde
1246 492 1306 541 ex-

197 563 269 653 plet
285 562 405 631 additis
419 563 549 644 κείνοις
565 563 611 638 ἄν
626 562 767 662 ἤλγουν.

300 666 373 734 Sed
395 676 471 734 sunt
489 667 574 736 aliae
594 668 760 757 quaedam
782 667 944 757 loquendi
960 668 1107 759 formae,
1134 670 1305 763 inquibus

198 765 244 838 οἲν
262 767 368 836 videri
388 779 502 860 potest
518 780 612 838 extra
636 794 711 838 eam
731 771 927 841 sententiam
942 793 1033 858 esse,
1058 772 1176 863 inqua
1194 777 1305 845 media

179 871 279 960 poni
295 870 453 944 debebat.
507 873 605 957 Quae
626 873 757 943 formae
780 873 880 941 facile
901 874 1138 965 expedientur,
1161 877 1188 944 si
1208 880 1305 972 cogi-

165 996 167 1000 *
195 974 330 1048 texeris,
360 974 443 1042 duas
461 976 638 1044 sententias
652 999 716 1068 per
732 976 934 1043 attractionis
954 977 1100 1068 figuram
1117 1002 1220 1069 quam
1239 1004 1304 1050 vo-

195 1085 272 1141 cant
286 1077 320 1142 in
336 1099 437 1143 unam
452 1078 620 1169 coniungi.
673 1079 801 1147 Earum
821 1076 1004 1153 formarum
1021 1102 1088 1146 una
1106 1089 1171 1166 est,
1198 1104 1303 1170 quum

192 1175 335 1266 inquiat
363 1179 498 1269 aliquia
520 1179 634 1246 dicere
667 1181 837 1264 volumno,
869 1179 975 1247 verba
1001 1180 1089 1248 iliius
1113 1181 1302 1254 afferentes·

192 1279 291 1346 Plato
318 1280 424 1372 Hipp.
456 1282 534 1354 mai.
561 1305 599 1372 p.
627 1280 712 1355 299.
740 1283 782 1356 Α.
817 1274 1047 1372 μανθάνω
1023 1310 1068 1353 αν
1090 1284 1172 1363 ἴσως
1195 1285 1296 1382 φαίη.

191 1380 377 1449 Phaedone
392 1406 428 1510 Ι).
445 1382 505 1451 8Ί.
521 1385 563 1452 Α.
590 1389 629 1456 σι’
646 1380 770 1457 οὖνοῖν
786 1409 909 1480 φοιιησ
901 1376 1300 1478 λόγοςέτιοέπιστιῖςς

193 1483 286 1571 quod
302 1494 352 1551 est
372 1485 412 1556 τί
430 1513 498 1557 σον
514 1483 692 1569 ἀπιστεῖς,
720 1486 810 1580 φαίη
833 1483 879 1556 ἄν
894 1512 913 1556 ο
906 1479 1042 1576 ελόγος.
1097 1485 1220 1570 Qualia
1234 1510 1302 1557 non

192 1595 269 1653 sunt
284 1588 604 1678 interpunctionibus
622 1585 856 1680 disiungenda,
874 1587 1206 1681 quibuspervertitur
1217 1613 1302 1659 con-

191 1690 340 1762 structio.
393 1691 561 1782 Exempla
576 1691 654 1759 vide
675 1692 740 1758 alia
758 1688 852 1782 apud
866 1687 1102 1759 Heindorfium
1120 1691 1166 1759 ad
1186 1693 1301 1762 Phae·

191 1791 289 1875 donis
297 1794 410 1861 locum
419 1817 455 1886 p.
476 1791 562 1868 135.
571 1795 629 1885 qui
637 1793 860 1863 nondebebut
869 1790 1051 1883 Sophocln
1060 1792 1148 1864 Oed.
1156 1796 1201 1868 R.
1212 1794 1300 1865 987.

812 1988 860 2033 τοι
924 1988 970 2032 αν

243 2063 350 2162 vidoro
376 2065 463 2159 μέν,
489 2093 563 2146 πως
588 2060 624 2138 d
651 2056 716 2137 ουἰι
742 2060 812 2154 ἄν,·
817 1952 1132 2150 &ixditoaeco'
1114 2093 1196 2150 ισως

187 2233 257 2302 huc
272 2235 420 2324 referre,
445 2233 708 2327 interpungique
721 2232 838 2300 iubere
854 2257 927 2310 πως
940 2225 976 2303 δ
991 2258 1078 2322 συιι,·
1103 2231 1149 2308 ἄν
1164 2231 1300 2328 α’σχοῖλ-

188 2340 264 2418 λοις
282 2334 318 2410 d’
333 2340 423 2420 ἴσως.
475 2337 554 2407 Hoc
570 2337 657 2405 eninr
669 2336 852 2404 barbarum
865 2335 965 2406 foret.
1007 2335 1111 2405 Adde
1124 2361 1206 2406 vero
1225 2340 1298 2409 De-

187 2440 312 2514 mosth.
331 2439 392 2531 13,
411 2439 447 2514 o.
475 2442 534 2510 ubi
548 2439 727 2539 Bekkerus
746 2438 898 2506 ordinem
921 2437 1103 2507 verborum
1116 2462 1192 2509 cum
1205 2443 1297 2512 libris

187 2543 400 2633 quibusdam,
420 2544 481 2614 sed
499 2567 595 2613 secus
612 2565 714 2633 quam
729 2563 807 2610 usus
821 2539 1025 2634 postulabat,
1049 2544 1209 2629 mutavit3
1236 2545 1296 2633 14,
1314 2582 1332 2611 t

188 2646 248 2715 24.
276 2643 389 2739 1445,
415 2647 475 2717 14.
502 2657 537 2725 et
553 2647 669 2741 paullo
689 2645 844 2786 aiiterp.
870 2640 992 2734 loot,
1015 2642 1103 2712 8.”
1080 2673 1142 2720 σπι
1160 2674 1203 2746 νη
1195 2642 1297 2723 Ai’

187 2779 234 2824 Μ’
249 2752 357 2825 dimi.

287 2887 450 2956 Eiusdem
464 2885 599 2978 generis
616 2892 667 2954 est
680 2882 749 2952 hoc
762 2881 855 2975 apud
869 2876 1029 2973 Xenoph.
1043 2880 1131 2951 Hist.
1154 2884 1215 2954 Gr.
1234 2885 1294 2961 Vl.

187 2988 223 3076 l,
234 2988 270 3062 9.
286 2987 335 3063 οἷν
350 2984 418 3084 ἐγώ
427 2989 488 3062 καὶ
502 2982 552 3062 ποῖ
568 2986 721 3081 cuipare
737 2989 797 3060 ιιαὶ
810 2978 878 3083 τήν
893 2985 1171 3078 μεγαλοψυχίαν
1188 2985 1295 3084 ὀροῖν,

187 3088 294 3184 οἶμαι
321 3091 387 3181 ἄν,
426 3088 548 3165 αὐτῶν
575 3094 611 3163 εἰ
632 3089 744 3170 καλῶς
773 3117 829 3169 τις
850 3090 1079 3178 ἐπιμελοῖτο,
1112 3087 1178 3162 σοίι
1199 3088 1294 3166 εἶναι

187 3194 293 3275 ἔθνος
308 3191 421 3288 ὁποίῳ
438 3193 484 3277 ἂν
498 3187 689 3277 ἀξιώσαιεν
706 3185 860 3284 ὑπήκοοι
875 3185 969 3262 εἶναι
987 3191 1177 3266 Θετταλοί.
1204 3195 1295 3264 Huic

185 3297 291 3365 simile
307 3296 398 3364 aliud
410 3298 603 3388 exemplum
617 3296 694 3363 vide
708 3288 802 3386 apud
816 3291 1062 3360 Heindorfium.

287 3432 354 3500 Vix
369 3433 437 3499 ulla
450 3454 534 3500 vero
549 3433 757 3522 frequentior
771 3430 881 3498 forma
901 3437 961 3513 est,
988 3452 1090 3519 quam
1114 3431 1180 3518 illa,
1200 3432 1295 3520 quod

188 3535 328 3623 mireris,
341 3535 630 3628 ignotaPorsono‚
657 3531 721 3607 οὐκ
736 3529 810 3605 οἷδ’
827 3531 873 3605 ἂν
887 3534 924 3602 ιί
936 3531 1118 3624 πείσαιμι,
1143 3535 1236 3623 quod
1246 3544 1295 3602 est

186 3634 250 3710 οιιίι
260 3636 341 3712 uida
355 3642 390 3710 εἰ
400 3632 570 3730 πείσαιμ’
586 3635 642 3708 ἄν.
668 3637 840 3729 Exemplis
851 3658 938 3724 quae
947 3635 1124 3703 Elmsleius
1136 3636 1181 3704 ad
1192 3637 1289 3707 Med.

188 3739 276 3810 1111.
294 3743 421 3829 attunt,
448 3741 538 3809 auae
551 3740 727 3810 nemaeo.
744 3764 781 3832 p.
794 3737 882 3827 441,
900 3736 960 3804 οι.
988 3736 1177 3823 1423‚15.
1229 3733 1232 3742 ·

285 3880 363 3947 Alia
376 3880 460 3947 ratio
475 3887 535 3967 est,
554 3901 659 3968 quum
673 3878 827 3947 inseritur
841 3873 1022 3944 sententiae
1036 3875 1173 3964 aliquid,
1198 3878 1293 3967 quod

182 3983 323 4072 proprie
338 4005 407 4050 non
422 3981 467 4049 ad
484 4004 559 4050 eam
579 3982 734 4075 pertinet,
760 3990 798 4050 ut
812 3978 905 4071 apud
917 3977 1090 4070 Aristoph.
1106 3980 1186 4050 Pac.
1206 3980 1292 4055 137.

183 4086 390 4177 appellatio,

235 4250 318 4328 ἀλλ’·
345 4282 373 4326 ο)
361 4247 480 4348 μέλ’
506 4279 553 4326 αν
577 4280 649 4346 μοι
671 4246 798 4327 σιτιοιν
822 4246 957 4326 διπλῶν
979 4250 1063 4324 ἔδει.

1005 4370 1084 4439 Na
