2918 4890
222 258 265 320 96
558 253 615 316 DE
651 252 926 317 PARTICVLA
950 250 997 319 ίίν

225 442 288 530 οὗ,
315 443 429 533 ὅπου,
467 442 525 533 οἷ,
553 442 659 534 ὅποι,
686 441 730 542 ᾖ,
757 442 852 542 ὅπῃ,
879 447 1010 534 ἔνθεν,
1039 441 1152 534 ὅθεν,
1181 442 1339 537 ὁπόθεν,

224 560 296 618 tum
317 549 520 641 pronomina
541 545 595 629 ὅς,
621 548 717 637 οἶος,
754 545 895 630 ὁποῖος,
929 546 1032 632 ὅσος,
1066 543 1218 639 ὁπόσος,
1248 546 1341 624 ὁπό-

224 679 337 748 τερος.
390 651 524 719 Horum
544 651 730 741 quaedam,
755 652 789 718 in
811 651 927 742 primis
946 651 1149 744 particulam
1171 653 1341 722 conditio--

224 757 336 825 nalem
353 757 388 828 εἰ
396 805 408 842 ,
435 756 479 822 ab
495 756 615 823 Atticis
637 777 706 823 non
722 755 816 846 iungi
839 755 1070 839 coniunctivo,
1091 756 1198 824 nisisi
1221 755 1267 828 σίν
1280 780 1340 824 ac-

226 860 381 946 cederet,
408 857 467 926 diu
490 858 553 926 fuit
574 859 723 926 virorum
744 857 924 926 doctorum
952 858 1079 949 opinio.
1132 860 1185 927 Ac
1205 858 1340 929 Bastius

224 963 364 1053 quidem
386 961 479 1052 quod
497 963 531 1029 in
550 961 691 1052 epistola
704 961 818 1028 critica
832 961 878 1028 ad
892 960 1141 1030 Boissonadum
1154 985 1191 1052 p.
1208 961 1294 1031 129.
1312 989 1339 1037 s.

226 1066 282 1139 ed.
301 1067 397 1158 Lips
424 1087 466 1133 ex
483 1064 640 1132 'I'homac
663 1064 715 1133 M.
741 1073 927 1156 praecepto
952 1088 989 1155 p.
1014 1062 1101 1134 267.
1123 1066 1340 1154 existimabat,

225 1170 330 1238 verba
345 1160 612 1241 αόδνπόταντα
627 1169 727 1236 etiarn
742 1168 836 1261 apud
850 1168 980 1235 Atticos
991 1171 1023 1240 εἰ
1038 1190 1115 1235 cum
1130 1169 1340 1238 coniunctivo

225 1274 297 1343 sine
313 1271 359 1344 οἲν
377 1271 572 1356 admittere,
597 1271 636 1338 id
647 1272 745 1341 inane
762 1279 989 1339 commentum
1005 1294 1079 1339 esse
1098 1271 1175 1340 satis
1191 1271 1274 1340 mihi
1287 1274 1340 1341 vi-

226 1377 311 1445 deor
324 1375 570 1444 demonstrasse
583 1375 617 1441 in
632 1374 861 1443 dissertatione
874 1374 918 1442 de
931 1374 1123 1467 praeceptis
1137 1376 1340 1465 quibusdam

225 1480 465 1549 Atticistarum.
517 1475 617 1544 Vnde
643 1487 752 1546 ortum
776 1479 817 1545 sit
838 1478 922 1545 illud
945 1478 1175 1548 Atticistarum
1194 1502 1339 1570 praece-

224 1592 341 1676 ptum,
375 1580 491 1648 docuit
514 1579 709 1648 Lobeckius
731 1581 777 1648 ad
794 1580 922 1671 Phryn.
946 1605 982 1672 p.
1006 1580 1093 1650 724.
1144 1582 1280 1650 Accidit
1305 1584 1340 1652 in

224 1686 291 1753 hac
313 1707 452 1775 ,quoque
480 1705 536 1770 re,
562 1682 657 1772 quod
678 1684 890 1775 saepissime,
916 1693 974 1774 ut,
1000 1707 1088 1776 quae
1114 1708 1191 1753 rara
1218 1697 1339 1773 essent,

184 1854 191 1861 ,
227 1797 385 1880 corrupta
401 1794 612 1879 putarentur,
638 1809 702 1855 nec
715 1795 951 1877 quaereretur,
978 1812 1081 1878 quam
1097 1789 1262 1857 rationem
1274 1789 1339 1858 ha·

224 1892 355 1961 bereut.
407 1891 556 1958 Tantum
580 1890 677 1958 abest
692 1891 798 1977 enim,
824 1898 862 1958 ut
882 1900 939 1983 aut
952 1915 1016 1982 per
1040 1916 1077 1960 se
1093 1915 1200 1984 prava
1218 1901 1279 1974 aut
1293 1895 1337 1962 ab

224 1996 414 2065 Atticorum
432 2016 497 2062 usu
514 1992 699 2062 abhorrens
715 1995 757 2062 sit
779 1996 983 2063 constructio
1000 1997 1186 2088 particulae
1206 1999 1242 2068 εἰ
1260 2019 1339 2064 cnm

225 2099 455 2185 coniunctivo,
481 2105 539 2181 ut,
566 2120 672 2187 quum
694 2120 764 2165 non
785 2097 928 2189 perinde
943 2100 1000 2182 sit,
1027 2108 1138 2167 utrum
1159 2102 1195 2172 εἰ
1213 2121 1257 2166 an
1272 2095 1338 2173 ἐοίν

224 2211 387 2295 ponatur,
409 2224 478 2271 non
494 2201 604 2292 magis
621 2194 685 2273 εὀίν
698 2223 764 2292 pro
776 2203 834 2286 εί,
857 2224 959 2290 quam
974 2205 1010 2274 εἰ
1019 2225 1085 2293 pro
1103 2196 1167 2275 όοίν
1184 2201 1339 2272 adhiberi

224 2307 340 2398 possit.
393 2304 597 2372 Monucram
618 2327 658 2372 ea
682 2304 726 2372 de
749 2327 787 2372 re
806 2303 850 2371 ad
864 2304 972 2396 Soph.
988 2306 1041 2373 Αἰ.
1061 2304 1150 2378 491.
1166 2329 1337 2376 assensus-
1440 2384 1442 2389 ,

226 2431 294 2498 que
310 2417 361 2476 est
375 2409 426 2475 vir
444 2408 581 2476 eximius
597 2407 800 2496 maiorisque
823 2409 924 2476 animi
939 2430 1042 2498 quam
1059 2418 1097 2477 ut
1113 2431 1186 2477 suas
1204 2410 1344 2500 opinio-.
1399 2400 1402 2406 ¹

225 2535 286 2579 nes
308 2511 439 2578 veritati
459 2510 666 2602 praeferret,
692 2511 731 2578 P.
757 2510 957 2598 ElmsleiuS,
991 2534 1094 2602 quern
1120 2523 1338 2604 praematura

223 2622 333 2683 morte
346 2613 461 2682 litteris
481 2621 636 2704 ereptum
650 2635 723 2681 esse
739 2635 869 2681 summo
885 2615 1096 2686 cumdolore
1114 2639 1224 2707 nuper
1238 2640 1336 2685 acce·

223 2718 344 2810 pimus.
396 2716 492 2789 Vide.
502 2739 580 2784 emn
594 2715 640 2784 ad
654 2715 783 2788 Bacch.
800 2715 886 2784 2⁰3.
903 2713 989 2788 858.
1005 2720 1087 2787 etin
1104 2720 1247 2810 praefat.
1265 2729 1336 2787 ter-

222 2822 288 2889 tiae
302 2820 355 2889 ed.
371 2819 460 2894 Oed.
480 2821 587 2912 Regis
601 2821 645 2888 ad
665 2844 696 2888 v.
715 2819 801 2889 191.
818 2818 906 2894 874.
929 2822 1177 2892 Grammaticus
1190 2824 1226 2890 in
1239 2823 1336 2891 Bek-

222 2924 298 2992 keri
312 2924 442 2993 Anecd.
464 2948 499 3015 p.
520 2922 607 3011 144,
625 2922 684 2992 20.
702 2917 801 3016 μετοί
821 2923 859 2997 δὲ
883 2923 1132 2999 ὑποτακτινῶν
1163 2926 1275 3018 (iliad.
1295 2954 1334 3021 μ.

327 3175 397 3253 εἴτ’
411 3177 469 3253 ἐπί
483 3174 573 3262 δεξί’
590 3180 672 3252 ἴωσι
686 3174 775 3277 πρός
790 3177 843 3278 ἠδ
855 3177 893 3255 τ’
908 3174 1082 3277 η’ίλιόντε.

222 3333 281 3408 ναί
296 3333 488 3432 Σοφοκλῆς
501 3338 539 3408 ἐν
556 3331 728 3408 Οἰδίποδι
743 3329 907 3433 τυράννῳ
934 3335 983 3428 (v.
995 3333 1106 3443 Ι813.)
1119 3359 1128 3377 ·

323 3487 427 3584 ὕβρις
442 3491 474 3562 εἰ
489 3487 631 3562 πολλσίν
647 3485 895 3586 δπερπλησθῇ.

224 3638 371 3726 ὁαίνός
396 3642 503 3735 (Oed.
523 3643 600 3718 Col.
616 3642 763 3737 1442.)-

470 3875 471 3879 ,
553 3793 771 3880 δοςτείλοιινα
790 3794 878 3897 πόρ’
893 3793 982 3893 iyu',

326 3901 440 3974 εἷσον
458 3901 635 4000 στερηδοί.

226 4005 407 4101 Κρατῖνος
422 4002 611 4080 Γείτοσιν·

326 4108 361 4179 εἰ
373 4100 484 4203 σοφός
497 4102 530 4202 ᾔ
684 4111 686 4115 ’

222 4259 397 4357 Ξενοφῶν
422 4260 599 4345 Παιδείας
618 4261 701 4354 (lli
716 4261 752 4350 3,
777 4258 878 4355 50.)·
905 4263 942 4336 εἰ
959 4255 1014 4360 μή
1035 4255 1202 4360 πρόσθεν
1222 4257 1333 4358 η’σνη-
