2918 4890
272 314 421 378 SEPTEM
444 313 597 376 aruum
611 316 763 380 orrum
782 319 842 383 ΔΡ.
862 318 1102 384 AESCHYLVM.
1173 325 1238 390 885
1289 394 1291 400 ,

139 513 266 576 certum
292 513 414 594 antem,
436 503 673 598 reponendum
692 529 766 576 esse
781 467 1022 606 πημααίααις,
1048 535 1117 603 quo
1132 536 1235 583 vom.

138 610 219 678 bulo
239 610 272 678 in
296 609 417 678 cadem
437 609 495 677 illa
521 607 639 677 fabula
665 609 856 703 Aeschylus
877 636 908 682 r.
933 612 1043 684 loos.
1070 625 1124 687 est
1145 639 1253 711 nens.¹

69 714 72 719 ’
138 712 210 783 Sed
224 712 332 784 nullus
346 712 514 784 editorum
530 711 619 782 uidit
745 814 747 822 Ι

159 1324 184 1392 h
236 1198 282 1291 in
303 1221 445 1318 septem
470 1224 516 1294 aa
535 1223 727 1295 racem.
749 1221 835 1299 rao
870 1225 1028 1296 Eteocles
1049 1224 1135 1295 nec
1157 1227 1238 1296 aaa
1286 1326 1288 1331 Ι

140 1347 159 1390 c
184 1346 268 1395 01·οΞ

239 1470 294 1576 μή
315 1505 383 1571 μοι
408 1472 520 1602 risorio
544 1477 703 1555 colerico
702 1473 908 1608 βορίεαοα
933 1478 1061 1561 ααααίς·

241 1579 443 1704 πειθαρχία
468 1574 538 1703 γάρ
565 1585 644 1655 ἐστι
669 1580 734 1677 τῆς
747 1578 961 1710 εὐπραξίας

243 1676 397 1781 μήτηρ,
409 1709 497 1779 γυνη
525 1682 704 1780 σωτῆρος·
734 1676 840 1758 οἷδ’
818 1712 893 1776 εχει
917 1677 1031 1778 λόγος.

140 1810 388 1904 Absurdissime
416 1833 642 1904 obedientium
664 1856 803 1904 uxorem
822 1835 889 1904 dici
912 1835 1027 1904 salutis
1048 1858 1150 1904 nemo
1171 1859 1239 1906 non

141 1937 316 2024 fatebitur,
341 1936 421 2005 licet
444 1935 630 2006 scholiastis
650 1937 687 2006 id
712 1935 874 2007 subtiliter
902 1961 944 2006 ac
963 1948 1102 2008 venuste
1120 1939 1239 2009 inven-

140 2050 213 2108 tum
238 2062 312 2109 esse
346 2038 508 2113 videatur.
565 2040 810 2110 succurrerunt
839 2040 961 2129 critici,
1000 2034 1108 2134 yu'vcu
1133 2041 1238 2110 corri-

140 2150 278 2238 ἔοικε,
311 2164 423 2232 neque
449 2141 568 2211 codice
592 2143 664 2211 ullo
689 2141 915 2236 suffragentur,
946 2152 999 2230 et,
1024 2143 1052 2212 si
1076 2143 1239 2214 attendis-

142 2253 234 2332 sent,
259 2246 337 2314 satis
361 2243 484 2337 inepte.
536 2244 707 2330 Quorsum
729 2244 819 2314 enim
838 2245 905 2314 isto
930 2246 1068 2338 quidem
1083 2254 1154 2314 tam
1173 2247 1239 2315 inr-

142 2355 290 2468 portuno
305 2347 383 2415 loco
400 2347 542 2415 chorum
560 2348 713 2441 appellet
736 2348 822 2417 rex?
871 2348 940 2417 Hic
959 2368 1097 2441 quoque
1112 2348 1184 2443 ipsa
1203 2372 1241 2418 se

143 2473 239 2542 quasi
227 2449 362 2518 oculis
382 2448 549 2519 offerebat
564 2446 770 2519 emendatio.

246 2600 448 2723 πειθαρχία
473 2592 544 2698 ροίρ
569 2605 649 2675 ἐστι
669 2599 733 2698 τῆς
754 2597 945 2728 εαπραξίας

245 2695 388 2800 μήτηρ,
414 2702 520 2800 γονῆς
540 2703 717 2800 σωτῆρος·
747 2698 860 2778 dt*
838 2731 912 2795 εχει
937 2697 1049 2798 λόγος

63 2815 64 2818 ‘
139 2854 219 2926 sea
242 2853 546 2925 coruscaturum
568 2855 663 2929 aaa

656 3213 715 3282 lll.

250 3360 363 3429 Multo
404 3313 639 3433 incredibilius
662 3374 733 3451 est,
778 3372 950 3456 repertam
983 3386 1097 3432 uerum
1133 3365 1242 3433 ratio-

149 3487 226 3534 nem
259 3463 462 3533 intellectam
495 3488 565 3533 non
594 3489 678 3534 esse.
739 3465 781 3534 ld
813 3466 934 3535 accidit
965 3466 998 3534 in
1022 3467 1150 3554 Persic,
1185 3467 1243 3535 uhi

148 3576 331 3660 postquam
360 3565 482 3636 chorus
508 3567 637 3657 aliquot
662 3565 784 3654 duces,
818 3591 902 3659 quos
924 3568 1147 3654 desideraret,
1179 3592 1244 3636 no·
1369 3640 1373 3661 ί

149 3669 392 3755 nominaverat,
424 3691 456 3737 v.
484 3668 595 3738 1⁰⁰6.
629 3669 716 3738 haec
747 3669 859 3740 addit:
895 3695 973 3740 naun
997 3693 1177 3764 personas,
1209 3673 1244 3739 in

149 3772 240 3839 libris
265 3772 354 3840 male
370 3771 556 3855 distinctas,
582 3770 896 3867 antistrophicorum
910 3773 1159 3866 comparatione
1181 3773 1245 3840 ad-

150 3873 243 3943 ducti
267 3873 486 3945 emendarunt
510 3874 672 3946 editores.

252 4028 413 4121 ἔταφον,
442 4027 598 4121 ἔταφον,
626 4023 692 4101 oo's
716 4023 813 4148 α’μρί
839 3994 980 4148 censoir

252 4121 551 4225 τροχηλατοισια,
577 4125 790 4203 ὄπισθανδ
809 4120 993 4221 ἑπόμενοι.

151 4279 409 4367 Valckenarius,
441 4280 499 4372 qui
524 4278 612 4350 haec
631 4279 752 4351 Xerxis
773 4279 879 4351 rerba
902 4283 1147 4371 computaret,
1178 4299 1245 4343 non
