2918 4890
174 289 218 352 ω
516 285 576 347 os
604 284 878 346 runmcvnu
898 280 947 349 ro

177 476 285 570 Greg.
301 474 379 548 Cor.
393 498 429 568 p.
445 472 506 544 66.
533 475 726 544 Nominarit
737 483 850 543 tamen
862 475 1001 544 eosdem
1013 476 1125 548 Astius
1141 480 1187 549 ad
1201 481 1295 551 Plu-1

175 591 289 649 ranem
308 580 352 647 de
368 581 481 672 Legg.
504 602 540 670 p.
563 575 649 646 358.
700 580 793 648 Addi
814 589 955 670 possunt
971 580 1096 650 Coraes
1115 584 1160 652 ad
1180 585 1287 656 Isocr.

175 707 212 777 p.
228 677 312 750 155.
328 691 361 750 et
380 682 573 750 Lobecldus
589 682 633 749 ad
650 682 777 772 Phryn.
792 705 827 773 p.
841 680 928 748 133.
949 706 1019 773 seq.
1071 685 1145 754 Sed
1158 689 1287 760 rectius

177 786 526 854 commemorabuntur
535 785 752 853 Heindorfins
766 785 810 852 ad
823 785 971 852 Platonis
981 786 1157 857 Phaedon.
1171 814 1208 882 p.
1220 789 1284 862 22.

175 898 210 958 et
224 890 399 957 Werferus
413 889 447 955 in
461 889 554 956 Actis
569 886 705 956 Monac.
723 888 747 958 l.
763 911 798 979 p.
820 887 903 956 1⁰3.
919 886 1005 959 248.
1023 887 1109 960 252.
1151 892 1285 978 Quibus

175 993 233 1083 qui
247 1015 357 1082 nuper
372 992 512 1060 accessit
528 992 697 1083 Reisigius
713 992 747 1058 in
763 992 1043 1061 commentatione
1059 994 1103 1062 de
1116 998 1286 1088 particula

175 1095 222 1168 ἄν
241 1118 277 1186 p.
296 1093 357 1163 99.
382 1117 451 1183 seq.
470 1117 575 1185 quum
596 1095 629 1162 in
651 1096 798 1163 animum
814 1094 1014 1177 induxisset,
1039 1099 1204 1188 particula
1224 1100 1285 1168 illa

173 1199 348 1266 veritatem
362 1198 410 1266 rei
426 1199 539 1266 extolli
555 1199 679 1289 potins,
705 1220 808 1286 quam
820 1196 972 1289 deprimi,
994 1199 1068 1266 fieri
1079 1223 1147 1271 non
1161 1203 1282 1294 potuit,

174 1303 254 1391 quin
270 1301 451 1393 proferret,
469 1324 557 1390 qnae
570 1324 691 1368 vereor
705 1311 742 1367 nt
756 1301 868 1368 multis
882 1302 1094 1392 persuadeat.
1117 1305 1283 1374 Indicabo

173 1406 322 1497 primum
345 1405 473 1494 aliquot
496 1405 590 1471 locos
609 1404 796 1472 adiectione
810 1405 997 1494 particulae
1013 1406 1068 1473 vel
1082 1407 1126 1474 ab
1139 1406 1282 1478 librariis

173 1509 259 1576 vela
272 1507 391 1574 criticis
408 1505 622 1598 depravatos.
637 1507 737 1575 Arist
751 1504 942 1575 11111392.
961 1509 1024 1578 Ar.
1034 1507 1122 1578 832.
1139 1511 1281 1602 Lysistr.
1371 1507 1373 1510 Α

173 1606 260 1678 542.
269 1609 312 1677 de
321 1632 388 1698 quo
396 1610 472 1677 loco
481 1609 558 1676 vide
567 1609 797 1702 Reisigiump.
809 1609 894 1687 101.
906 1610 1138 1681 etinConiect
1146 1637 1183 1706 p.
1193 1613 1281 1689 111.

173 1710 260 1781 188.
283 1736 322 1780 ac
343 1734 404 1779 nos
426 1711 470 1779 ad
490 1711 578 1780 Oed.
602 1711 676 1784 Col.
693 1711 803 1780 1454.
829 1713 958 1784 Platon.
974 1714 1120 1784 Phaedr.
1142 1741 1177 1809 p.
1193 1716 1280 1787 231.

171 1815 215 1886 1).
232 1814 431 1905 Antiphont.
446 1840 481 1906 p.
497 1813 558 1882 34.
587 1813 690 1905 (614.
708 1815 842 1905 Reisk.)
875 1816 980 1908 Apud
994 1817 1179 1888 isocratem
1193 1844 1282 1910 quae

173 1919 329 2009 exempla
344 1926 488 2005 exstant,
516 1941 620 2008 quum
636 1919 671 1986 in
693 1919 768 1986 cod.
785 1919 902 1987 Vrbin.
918 1921 1030 1987 omnia
1052 1922 1184 1992 sublata
1206 1925 1282 2013 sint,

173 2022 318 2089 dubitari
329 2030 442 2112 potest
460 2045 503 2088 an
519 2022 554 2089 id
568 2023 793 2113 grammaticis
805 2032 983 2114 acceptum
993 2025 1150 2114 feramus,
1175 2049 1282 2118 prae·

173 2126 286 2194 sertim
301 2148 405 2214 quum
419 2125 528 2194 codex
544 2125 600 2193 ille
610 2127 698 2218 ipsas
708 2125 865 2194 exhibeat
877 2127 1137 2218 subscriptiones
1152 2153 1281 2218 eorum,
1370 2153 1373 2157 ·

170 2229 229 2318 qui
249 2228 415 2296 orationes
436 2229 514 2296 istas
535 2230 808 2320 recognoverint:
835 2228 913 2296 vide
927 2229 1079 2298 Bekkeri
1101 2231 1282 2301 editionem

168 2354 207 2423 p.
227 2330 285 2399 15.
306 2330 365 2400 31.
383 2329 468 2402 211.
485 2329 571 2398 291.
589 2331 673 2400 312.
691 2329 778 2402 401.
814 2331 885 2400 Sed
901 2341 1085 2421 utcumque
1099 2335 1147 2401 illi
1161 2358 1280 2427 gram-

169 2435 282 2503 malici
290 2457 354 2525 pro
370 2456 430 2502 suo
446 2433 582 2501 arbitrio
589 2435 781 2503 refluxerint
793 2434 986 2517 Isocratem,
1012 2444 1125 2504 tamen
1138 2440 1281 2527 quibus-

168 2537 250 2604 dam
266 2538 386 2605 saltem
405 2538 440 2603 in
456 2536 540 2604 locis
557 2535 720 2605 librorum
737 2537 807 2604 fide
824 2538 990 2628 expulisse
1010 2539 1107 2607 istam
1125 2549 1282 2610 constru-

170 2641 315 2707 ctionem
335 2640 510 2726 videntnr,
536 2647 574 2706 nt
593 2641 627 2708 in
645 2641 774 2732 Areop.
796 2636 857 2712 35.
875 2635 911 2732 §.
927 2639 988 2708 89.
1001 2664 1038 2732 p.
1054 2642 1141 2711 211.
1168 2642 1278 2734 (244.

168 2742 296 2836 Lang.)
323 2751 357 2812 et
375 2743 411 2810 in
423 2743 571 2834 Trapez.
589 2742 649 2811 21.
666 2739 701 2838 §.
715 2741 775 2812 51.
790 2767 824 2835 p.
838 2738 924 2810 528.
952 2741 1063 2837 (639)
1078 2745 1138 2814 nbi
1152 2746 1187 2814 in
1199 2769 1279 2815 ver·

169 2847 220 2914 bis
239 2839 422 2938 γνώσεσθε
439 2844 484 2917 ἄν
506 2846 582 2916 cod.
597 2847 679 2914 Vrb.
698 2847 818 2914 omittit
832 2847 1052 2938 particulam,
1078 2871 1166 2937 qnae
1187 2849 1279 2919 unde

169 2958 244 3016 orta
258 2948 360 3015 fuerit
376 2948 404 3015 si
427 2949 579 3036 quaeris,
605 2950 878 3017 verisimillimum
894 2957 962 3038 est,
990 2974 1095 3040 quum
1117 2949 1278 3021 consueto

156 3061 283 3119 'errore
298 3059 468 3118 exaratum
482 3059 568 3118 esset
582 3049 802 3142 γνώσεσθαι,
827 3075 931 3144 snpra
942 3062 1054 3122 antem
1070 3053 1278 3146 adscriptum

168 3181 201 3241 a,
226 3153 306 3222 inde
326 3154 505 3220 conflatum
528 3176 600 3221 esse
615 3147 820 3246 γνώσεσθαι
837 3153 893 3226 ἄν.
933 3153 1080 3225 Omnino
1097 3167 1209 3225 autem
1222 3158 1278 3227 vix

168 3257 255 3325 ullus
269 3264 319 3324 est
333 3257 492 3347 scriptor,
511 3257 546 3323 in
563 3280 631 3346 quo
645 3261 712 3325 non
734 3257 914 3347 aliquando
931 3257 976 3330 ἄν
994 3260 1208 3330 librariorum
1219 3283 1278 3353 er-¹

167 3382 245 3428 rore
261 3361 316 3428 vel
328 3360 457 3426 inscitia
470 3383 547 3427 cum
561 3361 675 3432 futuro
690 3370 917 3430 constructum
931 3364 1129 3453 reperiatur.

271 3461 483 3546 Quibusdam
497 3486 580 3531 vero
594 3465 629 3530 in
641 3465 722 3532 locis
739 3487 806 3532 non
824 3473 954 3531 tantum
965 3466 1140 3534 tribuerim
1157 3473 1277 3535 aucto-

166 3564 253 3632 ritati
267 3567 573 3658 grammaticorum,
599 3575 636 3633 ut
650 3568 688 3634 iis
705 3568 810 3635 sicubi
824 3567 870 3640 oio
882 3591 959 3636 cum
973 3569 1086 3636 futuro
1102 3569 1277 3639 consocia·
1337 3589 1344 3598 ·

168 3675 239 3734 tum
266 3669 447 3737 correxisse
464 3669 658 3757 videantur,
693 3672 851 3738 continuo
872 3671 1118 3740 assentiendum
1146 3681 1276 3764 putem.

167 3770 229 3838 Est
249 3781 360 3839 autem
373 3771 500 3864 duplex
515 3772 619 3856 ratio,
645 3795 713 3862 qua
730 3771 775 3845 niu
791 3796 868 3840 cum
887 3774 1001 3842 futuro
1016 3775 1176 3867 coniungi
1192 3798 1276 3866 pos-

168 3873 230 3959 sit,
256 3896 342 3963 una,
368 3898 473 3964 quum
488 3877 786 3943 vere'constrnitnr
800 3899 879 3943 cum
892 3877 950 3943 illa
962 3879 1058 3946 verbi
1071 3878 1198 3960 forma3
1224 3878 1276 3945 al·

168 3983 258 4060 tera,
281 3999 384 4066 quum
398 3979 609 4046 consociatur
623 3979 760 4068 quidem
780 3980 945 4070 particula
961 3981 1094 4069 futuro,
1120 3980 1183 4050 sed
1204 4002 1276 4048 non

142 4109 145 4114 ·
167 4087 204 4145 nt
219 4088 407 4147 constructa
428 4105 504 4147 cum
518 4105 559 4149 eo
575 4081 742 4149 censenda
754 4083 805 4150 sit.

267 4182 407 4251 Dicatur
419 4185 535 4273 primo
548 4184 592 4252 de
613 4207 673 4274 ea,
697 4208 784 4274 quae
801 4207 881 4255 vere
898 4187 1100 4256 constructio
1114 4184 1276 4254 habenda

168 4290 227 4379 est
278 4287 333 4356 Ac
353 4284 436 4354 nihil
458 4286 603 4377 obstare,
628 4289 709 4378 quin
723 4290 888 4383 particula
903 4289 949 4366 ἄν
965 4293 999 4361 in
1016 4292 1205 4360 narratione
1224 4290 1275 4358 rei
