2918 4890
170 245 214 308 42
510 239 566 298 ιιι
604 236 878 298 ιιιιιισνιι
899 233 946 300 ιι

169 430 392 525 opdmilibri:
417 430 521 521 vulgo
538 422 754 523 γιγνόμεθα.
805 429 889 512 Quis
913 428 1057 499 hicnon
1078 434 1193 526 primo
1207 435 1273 504 sd-

169 546 287 627 spectu
301 535 355 602 vel
367 528 592 625 γιγνόμενοι,
618 532 721 620 quod,
747 542 784 599 ιιι
797 538 949 613 ἕξοντες
976 557 1019 601 01
1031 537 1171 628 γνοῖμεν
1182 561 1271 629 pen-

170 638 265 723 deat,
291 638 346 705 vel
364 637 481 703 saltem
496 634 714 754 γιγνοίμεθα
735 635 933 726 exspectet?
957 635 1005 703 Et
1024 647 1136 707 umen
1158 643 1271 708 omnia

169 750 261 810 reete
282 740 417 809 habeut
465 737 518 805 Ac
533 738 696 860 primum,
725 739 759 805 in
778 759 845 855 quo
862 736 1070 808 haeserunt
1060 752 1271 834 interpretes,

169 841 215 917 ori
231 841 313 937 περί
329 869 398 914 του
384 833 694 937 τιμωρήσασθαί
712 868 797 912 τινα
811 840 858 907 sic
875 850 926 908 est
946 842 1091 929 dictum,
1116 857 1154 914 ut
1176 847 1269 914 refe-

169 957 261 1015 ratur
273 944 317 1012 ad
332 943 456 1038 φίλοςτ
477 944 613 1011 ιοΙοιιιι
627 944 715 1010 enim
729 943 861 1029 dicere,
886 940 951 1015 οιίιι
968 944 1013 1016 οἶν
1030 945 1199 1043 περὶτοῦ
1213 976 1269 1022 τι

168 1042 414 1144 μωρησασθαί
436 1072 521 1118 τινα
545 1050 647 1140 φίλοι
674 1044 910 1164 γιγνοίμεθα,
946 1049 1071 1117 scilicet
1105 1050 1159 1131 οις
1183 1045 1270 1145 χρή.

169 1151 229 1219 sed
250 1173 294 1219 ne
314 1149 366 1218 bis
388 1148 569 1216 dicendum
587 1156 676 1217 esset
697 1147 815 1243 φίλοι,
840 1148 875 1215 in
896 1150 1000 1216 altera
1027 1161 1124 1242 parte
1145 1155 1269 1245 posuit,

169 1255 285 1322 addito
302 1252 413 1322 statim
432 1253 607 1379 opposito:
633 1260 734 1372 atque
747 1261 785 1317 ut
804 1251 905 1345 φίλοι
920 1261 954 1319 et
974 1250 1167 1348 διοίφοροι,
1193 1282 1270 1336 τοις

169 1355 353 1446 ἐχθίστοις
372 1362 406 1420 et
428 1353 481 1432 οἷς
501 1350 546 1425 ov‘
574 1347 644 1447 χρῆ
662 1354 806 1420 invicem
828 1357 1006 1444 opposuit,
1039 1358 1087 1424 sic
1109 1359 1270 1449 opposuit

168 1454 502 1549 σιίειιιγιγνοίμεθα
515 1453 610 1524 ἄνει
626 1481 694 1526 ιιατ
721 1448 1109 1548 οἷνόγιιηνγιγνόμεθα,
1129 1459 1178 1524 ita
1192 1459 1270 1546 qui-

44 1550 49 1557 *
169 1562 249 1628 dem
269 1568 307 1626 ut
325 1556 492 1647 optativus
512 1555 601 1622 ad
576 1583 622 1626 αν
639 1577 682 1622 ex
699 1557 758 1623 illo
780 1556 959 1625 indicativo
980 1560 1188 1650 supplendus
1214 1562 1269 1634 sit.
1295 1573 1299 1578 '

168 1664 287 1751 ltaque
304 1658 441 1750 plene
417 1681 464 1725 suo
478 1657 587 1725 dicas·
613 1653 658 1728 ου’
670 1657 752 1748 περί
770 1658 840 1729 τοῦ
841 1655 1141 1786 τιμωρήσασθαι
1153 1656 1269 1758 datr}-

169 1771 244 1844 λοις
266 1763 366 1858 φίλοι
393 1755 644 1856 γενησόμεθα,
677 1753 769 1830 οίλλα
790 1760 850 1831 ιιαί
879 1760 993 1853 ἄγαν,
1025 1791 1057 1834 ει
1080 1762 1269 1853 τύχοιμεν,

169 1865 271 1962 φίλοι
281 1863 350 1956 μὲν
365 1890 411 1934 αν
405 1863 643 1983 γιγνοίμεθα
659 1887 735 1940 τοις
748 1861 947 1953 ἐχθίστοις,
974 1857 1149 1959 θιοίφοροι
1161 1865 1260 1938 δὲ
1216 1891 1270 1947 occ

169 1964 214 2042 οό
243 1961 311 2063 χρη
330 1961 414 2037 κατ’
443 1958 600 2058 α’νοίγιιην
626 1958 840 2056 γιγνόμεθα.
891 1968 969 2033 Νοιι
991 1968 1090 2036 valde
1112 1968 1270 2036 dissimile

169 2080 222 2141 est
240 2070 307 2138 hoc
330 2066 566 2136 Demosthenis
582 2065 685 2135 Oll.
705 2089 741 2187 p
766 2064 827 2150 15,
851 2066 886 2136 8.
914 2067 1000 2141 orire
1018 2065 1088 2165 γοίρ
1109 2069 1154 2151 uic
1172 2075 1272 2143 δοιιι

168 2173 229 2247 ναί
246 2167 375 2294 φήσειέ
392 2196 448 2250 τις
468 2168 525 2240 ἄν.
508 2197 580 2292 μη
600 2169 742 2241 σκοπῶν
762 2165 936 2263 σίνριβοῖς,
963 2171 1160 2265 suspensis,
1187 2168 1269 2245 οὐδ

169 2305 215 2357 ως
229 2304 276 2348 αν
289 2267 454 2345 κάλλιστ’
469 2268 570 2365 αὐτῶ
580 2264 630 2343 τοί
642 2268 841 2366 πράγματα
853 2302 869 2344 ε
872 2301 942 2361 χοι
974 2275 1063 2342 Vide
1075 2276 1123 2342 ibi
1136 2274 1271 2344 Sohae-

167 2380 295 2461 ferum,
321 2397 375 2440 οιιι
364 2374 588 2463 displicet
567 2399 660 2461 εχει,
685 2373 781 2439 unice
797 2375 998 2464 probatur
976 2402 1065 2466 οχον
1116 2379 1235 2446 Neutri
1247 2402 1269 2446 a

167 2479 267 2550 codd.
287 2476 372 2544 fides
399 2475 503 2543 deest.
554 2475 721 2543 Vtrumvis
738 2475 879 2544 alterum
902 2501 944 2546 ex
957 2503 994 2547 se
1012 2481 1121 2570 repeti
1138 2481 1270 2573 cogitav-

166 2578 426 2672 tiouepostulat.

268 2681 390 2774 Aptius
406 2679 520 2749 afferri
536 2679 661 2772 poterit
672 2678 740 2749 hoo
755 2679 1012 2778 Aristophanis
1002 2708 1037 2752 m
1050 2682 1243 2775 Eq.1131.

333 2816 451 2909 χοῦτοι
476 2818 545 2912 μὲν
571 2815 636 2906 ἄν,
663 2845 702 2889 ευ
728 2823 863 2906 ποιεῖς,

332 2923 364 2992 εί
392 2947 450 2992 σοι
476 2914 651 3016 πυκνότης
676 2917 793 2992 ἔνεστ’

332 3027 371 3096 ἑν
396 3023 450 3115 τῷ
474 3016 617 3116 τρόπῳ,
643 3019 688 3101 o‘c
712 3023 840 3115 λέγεις,

331 3118 451 3217 τούτῳ
478 3118 572 3195 ποίνο
596 3117 719 3219 πολλή.

168 3261 264 3329 Haeo
289 3269 339 3328 est
359 3261 436 3329 libri
457 3261 660 3329 Ravennatis
682 3261 890 3350 aliorumque
909 3264 1091 3356 scripturo,
1123 3286 1211 3352 quae
1240 3265 1268 3333 si

168 3365 216 3433 sie
241 3363 451 3455 intelligitur,
485 3361 580 3436 οὕτω
600 3363 668 3454 μίν
692 3362 888 3454 οίνποιοῖν,
915 3361 956 3438 εὖ
970 3372 1106 3444 ποιεῖς,
1131 3376 1269 3434 nonest

167 3466 262 3557 quod
282 3489 357 3534 eom
377 3468 554 3558 vituperes.
605 3464 677 3533 Sed
699 3488 803 3553 quum
826 3473 944 3548 ποιοῖς
967 3470 1000 3535 in
1023 3468 1098 3535 cod.
1119 3467 1204 3536 Ven.
1227 3492 1269 3536 ae

69 3620 74 3629 ·
168 3568 262 3638 Snid.
282 3568 360 3637 edd.
382 3578 460 3637 vett.
483 3578 517 3636 et
536 3568 612 3636 cod.
628 3566 737 3636 Oxou.
754 3570 904 3661 legatur,
930 3594 997 3638 non
1011 3593 1098 3661 opus
1114 3580 1165 3637 est
1177 3569 1267 3637 indi-

167 3673 310 3739 cativum
324 3673 418 3740 tueri.
471 3671 575 3756 Quod
592 3671 758 3741 Stobeeus
777 3673 887 3771 Serm.
904 3674 995 3742 xxl.
1013 3671 1049 3740 5.
1066 3695 1108 3742 ex
1121 3673 1267 3741 Menan-

167 3774 220 3843 dri
230 3775 478 3866 Τιιιιιεγίοοιιιο
493 3775 620 3861 attulit,

269 3888 364 3967 sard
389 3889 494 3965 πολλ’
520 3920 566 3966 αν
591 3890 688 3966 ἐστίν
715 3920 758 3966 oo
750 3889 891 3974 ’καλοῖς
916 3894 1104 4020 εἰρημένον

267 4021 311 4067 το
338 3996 454 4088 yvone
481 3988 632 4068 σαυτόν·
659 3991 930 4094 χρησιμώτερον
954 3992 1024 4094 reip
1050 4024 1095 4093 ην

268 4089 314 4169 τό
339 4097 456 4189 γνιόθι
481 4090 566 4177 rode
591 4094 736 4176 ἄλλους

169 4221 227 4288 ubi
250 4218 344 4311 apud
364 4217 485 4285 Anton.
511 4216 639 4285 Meliss.
663 4217 824 4310 seriptum
846 4225 896 4288 est
920 4245 1013 4292 ιιοιια
1005 4212 1192 4341 πολλῶν,
1222 4222 1267 4292 Η.
