2918 4890
221 294 287 359 252
472 293 766 356 lncnsomtttvm
792 293 903 354 LIBER
927 294 1079 359 PRIMVS.

326 486 386 560 ΠΙ.
439 484 527 560 Ra
579 485 617 554 ln
632 484 685 553 his
700 485 812 553 verbis
827 485 1030 578 Dionysiip.
1046 483 1140 573 226,
1162 481 1198 553 i.
1225 479 1339 581 ἀνδρὶ

216 584 273 687 ,δη
297 617 380 710 napa
372 583 526 681 λόγους
550 581 790 662 ἐσπουδακότι
815 588 875 660 ιιυιλ
893 583 1103 717 σύμπαντα·
1110 580 1187 661 τόν
1193 588 1339 661 ἑαυτοῦ

226 694 310 788 βίον
326 685 585 766 οἷνοιτεθιιιιότι
602 685 751 772 τούτοις
769 690 950 815 πμόποι
924 719 971 764 αν
985 688 1091 784 οἶμαι
1114 697 1191 772 τοῖς
1204 685 1337 764 τοιοό-

226 823 305 877 τοις
319 788 439 887 λόγοις
451 799 601 888 νοσμεῖν
622 786 690 884 τήν
706 788 927 890 πανήγυριν,
954 796 1061 890 τέχνῃ
1076 787 1248 887 μετιόντι
1265 787 1337 866 τόν

227 893 355 992 λόγον,
382 894 427 979 cic
448 925 500 994 μη
523 888 620 969 eard
641 892 726 978 τούς
751 891 960 978 πολλοός
923 924 978 992 ειη
1005 894 1108 992 ου’τςο
1125 891 1348 990 γινόμενος.

227 1002 374 1072 afferens
416 1023 459 1070 ex
491 1000 610 1068 codice
651 992 863 1092 γενόμενος,
903 1005 1180 1092 ημσηιανυιηῷ
1212 999 1336 1089 inquit,

226 1107 427 1194 „intereat‘
417 1109 439 1146 “
499 1103 588 1172 Mihi
609 1113 781 1195 praestare
807 1103 932 1172 codicis
955 1105 1120 1195 scriptura
1141 1102 1337 1193 videbatur,

121 1238 124 1243 ·
228 1211 323 1301 qaia,
349 1207 411 1276 nisi
435 1209 489 1307 εἴη
509 1199 702 1300 γενόμενος
724 1206 908 1298 scripsisset
923 1207 1121 1298 Dionysius,
1148 1207 1337 1296 scripturos
1456 1201 1458 1206 ’

226 1314 344 1381 fnisset
364 1312 526 1406 γένηται.
577 1309 692 1377 Hodie
714 1309 742 1376 si
762 1309 844 1377 mihi
860 1311 1021 1380 sententia
1039 1310 1083 1378 de
1102 1309 1265 1377 hocloco
1280 1309 1338 1376 di-

227 1415 335 1485 cenda
358 1422 463 1501 esset,
494 1422 567 1481 tnnr
595 1412 680 1480 iliud
707 1423 943 1505 argumentum
975 1415 1229 1505 impugnarem,
1263 1435 1337 1502 quo

227 1514 272 1616 δή
288 1519 464 1586 defensum
479 1525 546 1602 est,
573 1540 661 1605 quae
680 1517 845 1608 particula
857 1517 914 1584 hic
933 1538 1002 1583 non
1014 1526 1129 1607 potest
1142 1517 1232 1602 ferri,
1260 1525 1338 1583 tum

222 1617 364 1714 λόγους,
396 1620 491 1708 qnod
512 1628 593 1711 post
620 1625 697 1698 τοῖς
726 1613 910 1698 τοιούτοις
934 1620 1075 1711 legitur,
1113 1628 1151 1687 ut
1168 1619 1337 1710 ineptum,

224 1724 469 1812 manifestoque
493 1745 535 1791 cx
560 1722 750 1815 interpretis
771 1722 987 1792 adnotatione
1011 1731 1145 1810 natum,
1170 1723 1245 1790 tolli
1269 1721 1337 1791 de-

224 1829 308 1898 bere
322 1825 570 1895 contenderem.

150 1991 227 2061 ,13
330 1980 389 2055 IV.
431 1980 470 2050 P.
493 1979 553 2050 11.
588 1980 732 2067 Luciani
744 1981 850 2075 rerba
865 1991 941 2051 snnt
952 1982 987 2050 in
1001 1981 1207 2052 Charidemo
1224 2001 1255 2048 c.
1270 1975 1336 2054 25.

229 2077 322 2158 α’λλό
339 2083 378 2157 τί
389 2083 508 2156 ταῦτα
529 2085 637 2178 λέγω,
666 2081 716 2158 οἷν
729 2077 776 2157 τό
776 2079 931 2212 νόλλος
936 2087 1038 2166 τέλος
1053 2084 1151 2159 ἐστίν
1157 2112 1172 2176 ,·
1197 2079 1248 2156 ὦν
1250 2078 1337 2180 γοῖρ

229 2189 279 2279 εἰς
308 2185 434 2282 χροίαν
463 2184 598 2283 ἥκομεν
627 2185 846 2280 ἀναγκαίως,
888 2184 952 2261 otiu
987 2187 1197 2280 ἐλλείπομεν
1218 2182 1339 2260 οὐδὲν

230 2288 387 2411 σπουδῆς
411 2293 460 2371 εἰς
488 2287 576 2363 ὅσον
604 2292 719 2373 ἔξεστι
751 2285 924 2363 νόλλιστα
949 2283 1245 2376 κατασκευάζειν·
1282 2287 1340 2384 τῷ
1383 2368 1396 2374 ς

228 2419 271 2465 τι
282 2385 360 2486 γυῖρ
384 2393 556 2488 Μενέλεῳ
578 2420 622 2465 ου
642 2393 823 2466 τοσοῦτον
851 2397 999 2491 ἑμελησο
1026 2393 1090 2488 τῆς
1117 2390 1238 2489 χρείας
1260 2391 1338 2464 τοῖν

229 2497 359 2570 οἴκων,
392 2491 525 2586 ἢόσον
553 2489 639 2574 roric
659 2497 924 2593 οἰςερχομένους
944 2490 1186 2616 incideram
1217 2493 1259 2562 In
1283 2493 1338 2561 iris

228 2596 433 2667 Schaeferus
450 2596 603 2666 deleto
579 2626 601 2694 η
616 2598 716 2666 scribi
731 2595 861 2666 iubet'
838 2625 926 2671 οσον
942 2597 1012 2670 τοῦ
1027 2590 1113 2678 code
1132 2599 1339 2691 εἱςιρχομέή

228 2725 312 2781 νους
324 2693 543 2789 ἐκπλήττειν.
595 2702 760 2772 Nimirum
776 2724 817 2769 ea
829 2710 957 2769 tanturn
971 2700 1076 2768 verba
1090 2723 1177 2792 quae
1193 2700 1236 2767 de
1252 2698 1338 2767 Me-

228 2804 327 2872 nelao
353 2812 429 2872 sunt
452 2803 738 2891 consideraverat,
768 2827 857 2894 qnae
875 2805 948 2894 quis
970 2812 1075 2896 neget
1093 2805 1140 2872 sic
1162 2811 1201 2870 nt
1225 2804 1333 2870 corri-

228 2907 280 2999 git
297 2916 376 2997 apte
391 2907 600 2974 enunciatam
616 2908 813 2976 sententiam
824 2907 1018 3000 praebere?
1046 2906 1213 2974 Veram
1188 2929 1214 2974 σι
1228 2929 1339 2997 prae-

230 3009 384 3077 cedentia
406 3031 543 3098 qnoqne
565 3011 806 3102 respiciuntur,
833 3011 934 3104 (ideo
956 3033 998 3079 ea
1015 3010 1185 3103 apposui)
1206 3009 1339 3100 aliquid

229 3113 490 3183 inconcinnitatis
506 3125 657 3205 apparet
709 3115 799 3182 Nam
815 3115 843 3182 si
856 3138 914 3202 ca,
936 3136 1024 3204 quae
1039 3114 1084 3181 ad
1102 3135 1200 3182 usum
1212 3135 1338 3181 neces-

229 3217 315 3283 saria
332 3224 427 3297 sunt,
454 3224 492 3282 ut
507 3217 628 3307 pnicra
651 3217 716 3290 sint
741 3240 913 3305 curamus,
939 3225 1053 3285 manet
1073 3217 1146 3284 nsui
1160 3217 1338 3305 scamina,

229 3327 267 3386 nt
280 3318 480 3390 necessario.
532 3319 587 3387 Ex
602 3343 672 3410 quo
687 3321 919 3411 consequitur,
945 3321 1046 3388 etiam
1061 3320 1119 3411 qui
1135 3319 1231 3387 nnice
1243 3342 1338 3412 gan-

230 3420 309 3489 deat
328 3420 504 3513 splendida
523 3421 643 3510 domo,
670 3447 737 3492 non
754 3424 936 3493 dicendum
957 3422 1150 3493 esse'nsnm
1167 3444 1237 3490 non
1250 3424 1339 3491 tanti

229 3525 346 3614 quanti
365 3524 597 3616 splendorem,
624 3525 685 3594 sed
710 3549 777 3595 non
802 3528 906 3620 pluris
928 3527 1052 3595 facere.
1111 3526 1208 3593 Haec
1229 3525 1339 3618 igitur

228 3627 483 3714 inconcinnitas,
508 3631 552 3696 vsi
580 3630 783 3722 corrigenda
812 3639 922 3698 essent
947 3631 1069 3715 verba,
1104 3629 1220 3696 saltem
1244 3622 1365 3718 συσὶ·

228 3730 613 3903 rpodofuilnterpretando
643 3735 811 3801 removeri
831 3743 962 3826 posset,
995 3733 1126 3802 videtur
1151 3731 1339 3800 ostenden-

254 3856 311 3902 um
375 3856 438 3908 ase.

332 3984 373 4054 V.
427 3986 465 4054 P.
481 3984 542 4060 12.
563 3987 652 4075 ima:
685 3985 903 4080 „Siciasra
914 3983 1057 4081 12254.
1075 4011 1107 4056 υ.
1126 3985 1161 4053 4.
1188 3984 1248 4056 καὶ
1268 3985 1340 4056 ab·

229 4089 350 4158 undat
377 4097 463 4158 ante
479 4083 580 4185 πυροὶ
603 4090 762 4185 secessi:
787 4113 826 4183 μ.
852 4090 939 4166 235.
964 4115 996 4160 υ.
1019 4089 1055 4159 4.
1083 4098 1175 4159 ante
1194 4083 1342 4187 πατήρι

224 4214 264 4284 p.
282 4190 369 4265 240.
385 4216 416 4261 υ.
435 4190 495 4259 13.
514 4200 601 4261 aare
615 4187 689 4265 sind
706 4193 842 4267 θεῶν.“
894 4197 941 4264 At
960 4194 1042 4262 nihil
1063 4215 1207 4282 nsquam
1225 4191 1341 4262 abun·

230 4293 329 4381 dare,
355 4296 444 4383 iure,
471 4302 509 4362 nt
529 4296 691 4384 arbitror,
720 4298 887 4370 contendi.
941 4300 1030 4366 Nam
1049 4304 1106 4367 ant
1120 4304 1343 4389 potestatem
