3262 5044
101 286 108 294 ’
157 297 159 302 ’
280 315 343 378 rsa
632 309 688 370 uu
716 308 990 372 rrnrrcvuu
1013 303 1060 373 tv

280 501 426 585 ladrum,
453 499 508 568 oui
523 495 789 592 rlc'respoudet,
810 522 884 567 esse
902 496 1125 567 referendam.
1177 498 1231 568 Ex
1246 519 1288 566 eo
1304 497 1408 565 enim'

279 603 478 696 pronomine
494 601 679 670 derivatum
696 601 892 670 adverbium
907 607 984 680 ἴνα,
1005 599 1066 670 aba·
1078 601 1278 695 significans.
1304 601 1395 668 Nam

279 706 419 774 Porsoni
441 704 653 792 coniectura,
681 705 715 772 in
730 704 957 774 Miscellaneis
979 704 1049 772 eius
1066 703 1229 772 alliddio
1249 727 1284 796 p.
1306 701 1393 770 302.

280 808 431 901 prodita,
459 813 519 879 ἵνα
541 830 616 875 esse
640 811 675 880 ἰν
693 803 738 902 ᾇ,
764 808 786 875 i.
808 831 838 876 e.
855 812 892 880 ἑν
908 802 954 902 ᾇ,
979 808 1103 877 rectius
1125 807 1285 876 oblivioni
1307 814 1397 874 esset

280 910 413 982 tradita.
464 909 528 976 Est
546 919 659 978 autem
675 916 735 984 ἴνα
750 910 983 978 tantummodo
1001 911 1188 995 relativum,
1214 931 1326 999 neque
1341 908 1395 977 in-

280 1012 499 1106 terrogationi
513 1035 582 1080 non
599 1014 757 1102 obliquae
773 1013 929 1082 adhiberi
942 1021 1074 1104 potest:
1100 1013 1195 1103 quod
1209 1021 1302 1081 recte
1318 1035 1395 1080 rno-

280 1117 352 1185 nuit
370 1114 549 1184 Elmsleius
564 1115 610 1184 ad
629 1114 718 1186 Oed
739 1111 911 1186 u1515.
964 1118 1054 1186 Nam
1069 1117 1103 1184 in
1117 1139 1158 1186 ea
1171 1116 1289 1184 fabula
1301 1113 1395 1205 quod

258 1253 262 1260 f
281 1242 313 1293 v.
328 1217 414 1288 946.
430 1217 571 1310 legitur,

908 1365 937 1442 ol
953 1369 1053 1446 oratu
1064 1361 1329 1466 μαντεύματα,

342 1483 345 1495 “
383 1469 435 1545 ἵν’
456 1471 554 1556 ἐστέ,

280 1634 412 1692 nonest
426 1623 678 1716 interrogantis,
705 1620 767 1692 sed
782 1621 920 1713 oblique
934 1625 1167 1712 exclamantis,
1194 1623 1290 1692 sicuti
1304 1625 1395 1696 ineo

280 1749 407 1819 genere
436 1723 502 1813 oie,
540 1748 609 1794 non
636 1722 708 1808 παῖς
738 1723 867 1792 dicitur.
920 1727 1040 1818 ltaque
1066 1736 1159 1796 recte
1189 1727 1394 1818 scholiastes,

282 1826 377 1902 ὅπου
393 1828 484 1901 ἐστέ.

384 1930 593 2000 construitur
618 1937 732 1997 autem
752 1933 812 2000 ἵνα
834 1925 895 1996 obi
915 1929 1123 2022 significans,
1156 1938 1194 1998 ut
1216 1939 1393 2000 consenta-

281 2055 382 2103 neum
396 2041 467 2118 est,
494 2055 573 2100 cunr
585 2031 768 2100 indicativis
783 2032 932 2100 omniurn
952 2043 1165 2124 temporum,
1191 2057 1301 2122 neque
1318 2043 1394 2102 tan·
1446 2083 1448 2088 -

280 2147 352 2206 tum
365 2135 457 2228 apud
471 2143 602 2228 poetas,
629 2135 691 2204 sed
707 2135 807 2202 etiam
816 2135 910 2226 apud
925 2136 1108 2228 scriptores
1122 2156 1246 2225 prosae
1263 2138 1392 2205 oratio-

281 2241 340 2313 nis.
393 2239 466 2308 Sed
480 2240 538 2306 illa
550 2238 617 2307 loei
633 2238 832 2330 significatio
854 2246 905 2306 est
923 2240 1090 2308 ubi‘latius
1105 2246 1239 2330 pateat,
1264 2241 1393 2310 minus-

281 2365 349 2434 que
364 2341 504 2410 definita
517 2342 575 2428 sit,
601 2349 639 2409 ut
657 2339 784 2431 odyss.
797 2349 823 2426 ζ.
841 2340 903 2410 27.

333 2518 390 2564 σοι
381 2491 446 2566 δὲ
461 2517 576 2585 raptor
588 2485 749 2581 oxsdo'r'
731 2519 831 2567 εστιν
838 2549 852 2583 ,
880 2501 940 2568 ἵνα
955 2519 1021 2590 χρη
1014 2485 1348 2617 saldalensium
1446 2491 1447 2494 “

331 2599 522 2670 ἕννυσθαι,
548 2621 595 2666 τα
587 2587 651 2667 δὲ
666 2599 763 2668 τοῖσι
778 2603 993 2693 παρασχεῖν,
1021 2601 1062 2666 οἵ
1071 2596 1114 2668 αι’
1125 2620 1148 2666 o
1169 2623 1340 2688 ανωνναι.

280 2746 347 2815 Hie
362 2746 501 2837 quidem
522 2755 614 2816 certe
636 2747 681 2815 ad
703 2749 837 2841 nuptias
860 2751 906 2818 ita
926 2750 1086 2836 refertur,
1113 2755 1151 2817 ut
1172 2747 1216 2815 de
1236 2758 1393 2842 tempore

164 2855 170 2864 “
280 2850 509 2943 potiusquam
527 2849 571 2918 de
588 2851 721 2920 locosit
740 2853 968 2946 cogitandum.
1008 2851 1117 2922 Etsro
1134 2851 1391 2951 etiamlliaqu

281 2949 367 3022 353.
383 2953 428 3022 de
442 2975 510 3043 quo
529 2953 607 3022 loeo
623 2977 703 3022 mox
716 2955 854 3028 dicetur.
894 2960 969 3026 Nee
981 2957 1102 3024 mirum
1116 2977 1221 3044 quum
1237 2956 1392 3024 omnibus

279 3058 315 3125 in
329 3057 450 3147 linguis
465 3056 532 3124 loci
553 3056 714 3124 adverbia
733 3059 832 3126 etiam
849 3060 894 3127 ad
910 3069 1045 3150 tempus
1062 3057 1233 3126 transferri
1250 3059 1389 3132 soleant.

279 3159 326 3226 Et
339 3156 400 3231 aba·
421 3159 557 3248 quidem
573 3181 677 3247 quum
696 3160 861 3252 significat
878 3185 945 3231 vox
962 3163 1037 3249 illa,
1064 3161 1164 3229 etiam
1187 3183 1265 3228 cum
1283 3162 1391 3253 parti-

281 3261 356 3329 cula
369 3259 414 3332 ἅν
428 3262 650 3354 coniungitur,
677 3272 714 3331 ut
728 3265 769 3332 sit
782 3264 1003 3358 ubicumque.
1030 3263 1149 3356 Eurip.
1162 3263 1234 3332 Ion.
1251 3261 1338 3334 315.
1359 3323 1367 3334 .

331 3409 429 3488 ἅπαν
446 3414 540 3488 θεοῦ
553 3443 621 3508 μοι
639 3415 733 3512 δῶμ’
743 3474 756 3508 ,
784 3417 834 3492 ἵν’
845 3419 891 3494 ἄν
906 3413 998 3516 λάβῃ
1012 3413 1056 3514 μ’
1074 3414 1194 3498 ὕπνος·

279 3537 453 3659 aesoph.
466 3567 553 3636 Ριια
576 3565 686 3638 1151.

330 3721 460 3817 πατρὶς
474 3715 544 3820 γάρ
561 3727 639 3796 ἐστι
655 3721 762 3810 ποῖα,
790 3720 843 3795 ἵν’
859 3723 905 3798 ἄν
923 3719 1066 3821 πράττῃ
1084 3749 1139 3804 τις
1156 3717 1206 3796 ari.

279 3872 369 3942 Nub.
386 3871 494 3941 1232
851 3862 853 3866 ’

330 4027 390 4100 ναὶ
409 4027 501 4102 ναῦν
508 4021 754 4152 ’ἐθελήσας
730 4021 919 4121 απομόσαι
934 4053 1002 4122 μοι
1017 4051 1102 4109 τους
1113 4019 1240 4108 θεούς,
1352 4037 1355 4041 ’

331 4127 379 4203 ῑν
394 4159 439 4204 αν
453 4125 625 4206 aslsdoo'
625 4123 676 4224 νώ
692 4156 742 4206 or

278 4305 379 4386 quem
394 4285 508 4354 locum
525 4308 594 4354 non
613 4283 760 4356 debebat
774 4284 951 4357 sollicitare
969 4283 1148 4380 Reisigius.
1201 4279 1291 4353 lllnd
1304 4303 1386 4353 vero
