2918 4890
222 276 288 340 288
519 274 1035 338 DEHYPERBOLE

225 467 398 563 appellare
420 467 551 549 maluit,
573 466 771 559 praesertim
792 469 817 536 si
831 469 1098 538 totosexercitus
1116 468 1333 563 designabat,

225 573 259 642 in
275 571 412 662 quitus,
439 571 467 638 si
488 572 634 664 πρυλέες
661 579 735 639 sunt
754 571 906 662 pedites,
936 595 1005 639 non
1029 571 1173 642 decebat
1188 577 1331 664 equites,

227 677 285 767 qui
316 673 478 767 dignitate
499 674 649 766 potiores
680 683 773 760 sunt,
812 675 996 766 praeteriri.
1050 679 1097 744 At
1116 677 1199 743 illud
1215 679 1331 769 ipsum

225 779 325 848 valde
345 777 487 846 dubium
504 785 570 862 est,
596 777 803 870 significatae
819 777 951 869 pedites
974 801 1016 846 ea
1035 801 1109 850 vox.
1160 780 1223 847 Est
1237 783 1329 850 enim

224 883 259 950 in
273 883 323 965 iis,
346 881 390 949 de
405 902 547 970 quarum
560 881 746 974 significatu
760 903 805 948 ne
818 881 984 948 veteribus
999 881 1135 972 quidem
1148 884 1225 950 satis
1241 907 1329 952 con-

225 986 344 1054 stabat.
379 983 421 1052 Id
436 1005 540 1074 quum
550 1006 592 1050 ex
605 984 841 1075 interpretibus
856 985 999 1051 Homeri
1015 995 1048 1052 et
1061 985 1327 1078 lexicographis‚

224 1100 295 1156 tum
312 1110 354 1156 ex
377 1087 487 1180 poetis
504 1088 743 1155 recentioribus
765 1086 856 1155 aliud
870 1097 971 1176 atque
986 1088 1077 1156 aliud
1094 1090 1241 1178 sequutis
1258 1113 1327 1159 co-

223 1192 404 1284 gnoscitur.
455 1190 629 1279 Plerisque
650 1190 711 1258 visi
737 1199 812 1259 sunt
833 1190 965 1281 pedites
993 1192 1181 1284 significari.
1233 1193 1327 1261 Hinc

224 1294 419 1363 scholiastes
439 1292 484 1360 ad
505 1292 598 1361 lliad.
616 1293 677 1364 Xl.
695 1291 756 1361 49.
783 1291 805 1388 ἡ
824 1294 949 1387 διπλῆ,
976 1291 1033 1366 ὁτι
1050 1293 1211 1389 φανεροῖς
1225 1312 1325 1388 πρυ-

224 1399 298 1476 λέες
318 1403 354 1468 οἱ
378 1394 486 1481 πεζοί.
513 1391 783 1469 άιτιδιέσταλιιε
808 1388 877 1489 γάρ
906 1389 991 1476 τοὸς
1018 1404 1157 1477 ἵππους.
1209 1397 1256 1464 Et
1278 1397 1325 1465 ad

223 1499 299 1568 ΧΠ.
316 1498 377 1567 Π.
398 1496 421 1595 ἡ
444 1497 569 1592 διπλῆ,
597 1495 656 1572 ὁτι
678 1498 798 1591 σαφεῖς
815 1491 900 1578 τοὸς
916 1493 1039 1584 πεζοὸς
1062 1496 1211 1580 ὁπλίτας
1225 1518 1324 1595 πρυ-

224 1603 314 1682 λέας.
364 1599 572 1692 Hesychius:
601 1604 774 1693 Πρυλεῖς,
802 1602 945 1690 οἳμεύ,
972 1594 1263 1682 πολλοὸςλαοὸς·
1287 1608 1328 1674 σί

224 1706 284 1791 δέ,
311 1697 532 1799 προμάχους,
558 1696 723 1799 ἢπεζοὸς
739 1700 887 1780 ὁπλίτας
905 1697 1073 1798 α’θρὸους.
1128 1707 1323 1798 Προυλέσι,
1414 1764 1417 1769 .

77 1805 81 1821 ’
107 1800 110 1805 ’
224 1813 339 1892 πεζοῖς
356 1804 529 1886 ὁπλίταις.
584 1806 752 1898 Πρυλέες,
780 1803 878 1892 πεζοί
894 1802 1055 1894 ὁπλῖται,
1082 1795 1158 1877 άπὸ
1173 1807 1235 1902 τῆς
1248 1835 1323 1881 πο-

224 1908 332 2004 ρείας,
358 1911 529 1983 τουτέστι
545 1907 675 2004 πορείᾳ
691 1901 877 2000 χρὸμευοι.
931 1904 1133 2003 Πρυλέεσσ’
1148 1904 1322 2004 α’ραρυῖα,

223 2018 338 2098 πεζοῖς
353 2009 571 2108 ἡρμοσμένῃ.
612 2012 653 2078 ln
669 2010 875 2086 Scholiisad
888 2010 982 2084 Iliad.
997 2012 1037 2083 V.
1056 2009 1142 2082 744.
1161 2012 1254 2101 quod
1267 2013 1322 2081 le-

222 2117 330 2208 gitur,
357 2111 430 2203 εἷχε
447 2107 527 2208 γάρ,
554 2113 675 2208 φασίυ,
703 2118 741 2187 έυ
758 2112 870 2208 ἑαυτῇ
885 2113 1034 2194 πολίτας
1050 2117 1324 2206 τιτυποιμέυους

222 2220 360 2292 πολέων
377 2211 427 2312 ρ’,
453 2217 552 2284 scribi
568 2216 715 2285 debebat
735 2213 901 2300 ὁπλίτας,
927 2226 963 2283 ut
982 2218 1016 2284 in
1035 2225 1198 2306 sequente
1217 2217 1322 2287 scho-

221 2323 276 2394 lio.
330 2319 536 2388 confercndi
550 2341 653 2410 porro
667 2320 783 2410 Etym·
797 2319 848 2387 M.
863 2343 898 2410 p.
915 2318 1002 2407 693,
1016 2319 1075 2387 31.
1120 2320 1321 2411 Apollonius

220 2424 256 2492 in
274 2424 382 2490 lexico
404 2422 607 2508 Homerico,
635 2423 772 2508 suidas,
797 2423 989 2492 Eustathius
1009 2446 1045 2514 p.
1060 2420 1147 2508 6⁰1,
1164 2421 1198 2492 l.
1252 2423 1322 2492 Hic

223 2525 360 2616 quidem
384 2534 418 2592 et
439 2524 503 2592 isto
526 2525 603 2592 loco
626 2534 660 2592 et
685 2548 721 2616 p.
744 2523 830 2592 893.
882 2526 1079 2594 Herodiano
1101 2527 1239 2617 placere
1261 2528 1320 2616 ait,

221 2628 463 2698 nominativum
475 2650 543 2694 non
562 2621 686 2722 πρὸλις
700 2628 813 2716 fuisse,
837 2627 930 2716 quod
942 2630 1254 2720 noman-proprium
1267 2640 1323 2697 ast

223 2732 315 2825 apud
331 2730 507 2823 Lycophr.
524 2729 609 2798 222.
624 2730 686 2798 sed
701 2724 842 2825 πρυλής.
895 2730 1137 2822 Gortyniorum
1156 2755 1232 2799 eam
1254 2754 1320 2800 vo-

222 2859 296 2904 cem
314 2857 387 2903 esse
404 2843 543 2902 testatur
556 2834 750 2902 scholiastes
765 2834 808 2900 ad
821 2832 914 2903 lliad.
928 2836 1002 2905 ΧΠ.
1017 2835 1176 2927 πρυλέες,
1204 2831 1320 2915 οὕτως

70 3016 75 3021 ,
221 2941 259 3010 Γ
256 2931 430 3032 ορτάυιοι.
458 2978 462 2995 ·
485 2937 557 3006 Sed
578 2936 792 3020 Eustathius‚
818 2958 922 3025 quum
943 2937 1074 3029 scripsit
1088 2958 1125 3026 p.
1150 2934 1236 3022 893,
1255 2933 1316 3006 34.

82 3088 85 3093 -
220 3042 367 3137 πρυλέες
384 3041 440 3124 δέ,
462 3046 498 3112 οἱ
512 3045 553 3112 tv,
572 3032 671 3135 μάχῃ
693 3037 790 3123 πεζοί
806 3033 899 3110 acaci
913 3040 1076 3132 γλῶσσαι
1089 3036 1316 3132 Γορτυνίων,

195 3138 273 3223 'laic
288 3169 400 3238 φασιν
415 3149 451 3216 οἱ
466 3140 619 3214 παλαιοί
628 3196 640 3229 ,
666 3142 743 3233 plus
762 3140 857 3221 dixit.
883 3143 1024 3234 opinor,
1050 3163 1151 3230 quam
1169 3163 1317 3232 accepe-

218 3252 287 3328 rat,
312 3245 438 3324 addito,
465 3268 532 3333 qua
550 3245 792 3337 significatione
810 3255 1009 3337 usurparent
1023 3244 1188 3334 Gortynii.
1240 3245 1316 3334 Re-

216 3349 322 3441 petita
335 3358 411 3416 sunt
426 3347 511 3415 haec
522 3349 627 3416 verba
649 3373 670 3415 a
687 3347 854 3416 Favorino
868 3349 902 3414 in
915 3348 1092 3438 Excerptis
1106 3370 1143 3438 p.
1157 3345 1242 3415 390.
1259 3346 1314 3416 ed.

217 3451 372 3520 Dindorf.
398 3452 552 3544 Accepta
567 3475 634 3522 vox
646 3452 692 3520 ita
709 3449 949 3520 aMancthone
964 3452 1006 3519 11.
1022 3446 1107 3523 215.
1248 3478 1251 3487 ·

330 3721 340 3744 ι
422 3719 431 3746 Ι
734 3618 792 3718 ἡδ’
806 3614 1120 3718 ἱππήοιυπρυλέωυ
1138 3648 1180 3694 τε

317 3751 515 3822 ηίθμθναίε

45 3878 50 3895 ’
108 3859 110 3865 V
217 3902 250 3962 et
264 3917 285 3962 a
298 3896 459 3989 scriptore
470 3897 729 3991 epigrammatis,
752 3895 937 3987 quodinter
948 3895 1150 3964 incertorum
1163 3888 1311 3967 estatio.

318 4065 376 4138 καί
393 4066 515 4158 στίχας
531 4063 594 4164 ἠδέ
607 4059 808 4164 φάλαγγας,
835 4063 885 4140 ἰδ’
898 4063 1076 4166 άρραγέας
1094 4063 1313 4168 παρατάξεις
1354 4133 1357 4137 ,

234 4258 246 4292 s
317 4165 475 4244 ὁπλιτὸι
488 4171 670 4268 πρυλέων,
696 4168 881 4268 ιιρατερὸυ
898 4165 1008 4250 πάλιυ
1023 4171 1311 4271 ἱππουορυστὸυ.
