2918 4890
462 344 466 361 .
489 294 542 357 DE
561 292 747 357 MENSVRA
759 291 983 368 VTRIVSQVE
1003 289 1053 358 dv.
1262 295 1326 360 8⁸19

221 513 296 562 esse
322 482 388 561 oria
413 481 459 557 ἄν
492 469 775 576 χ’ἑιιοιινέσειιν.
833 485 949 554 Potuit
979 481 1036 552 hic
1071 483 1209 574 quidem
1241 507 1324 576 pro-

220 616 344 665 nomen
364 589 466 683 poni,
500 588 561 655 sed
583 589 692 680 potuit
711 589 813 657 etiam
834 589 951 658 omitti.
1011 588 1126 672 Quare
1147 589 1260 656 nescio
1283 612 1327 655 an

221 698 278 766 hic
301 698 395 764 locus
415 692 452 760 iis
482 691 753 761 adnumerandus
775 693 835 782 sit,
868 690 912 761 de
932 692 1052 780 quibus
1072 714 1161 760 nunc
1185 690 1327 777 dicetur.

222 971 236 1038 ¹
322 863 383 934 IV.
410 862 487 955 (V.)
513 863 619 957 Apud
632 863 842 956 Aeschylum
861 865 897 934 in
912 864 1171 957 Agamemnone
1188 887 1221 937 v.
1240 860 1327 936 346.

238 969 363 1062 egitur:
1109 1000 1115 1015 ·

380 1123 413 1194 εἰ
428 1116 462 1194 δ’
479 1114 521 1192 εὖ
538 1119 685 1212 σε’βοοσι
698 1113 784 1201 roric
800 1114 1061 1210 πολισσούχους
1075 1113 1186 1200 θεοὺς

379 1233 465 1320 νοεῖς
481 1238 544 1335 τῆς
559 1233 709 1338 ἁλούσης
729 1240 812 1337 γῆς,
837 1239 936 1314 θεῶν
952 1235 1001 1320 θ’,
1015 1232 1220 1335 ἱδρύματα,

329 1425 330 1428 ,
381 1357 446 1435 οὐκ
463 1359 508 1432 οἲν
529 1353 669 1443 ἑλόντες
688 1356 797 1442 αὖθις
813 1355 1012 1451 α’νθοίλοιεν
1030 1357 1090 1476 ἄν.

229 1535 316 1606 Cod.
343 1533 493 1602 Venetus
523 1531 730 1601 Bessarionis
760 1528 825 1605 οὖν
859 1524 1057 1612 ἀνελόντες.
1120 1529 1176 1598 Ex
1200 1530 1333 1602 Fame·

166 1661 191 1730 ι,
229 1641 340 1728 siano,
368 1638 426 1728 qui
440 1634 591 1704 Triclinii
609 1637 839 1706 recensionem
860 1635 1016 1724 exhibet,
1047 1633 1176 1703 editum
1201 1631 1264 1707 οὐκ
1287 1635 1333 1710 οἶν

229 1741 264 1836 γ’
288 1735 445 1827 ἑλόντες,
471 1761 535 1807 nec
550 1740 747 1832 discrepare
767 1741 923 1810 videntur
942 1738 1120 1808 Mediceus
1139 1747 1173 1807 et
1188 1738 1332 1808 Floren-

229 1847 315 1915 tinus
328 1847 425 1919 liber.
764 1847 767 1853 ’

332 1991 373 2060 V.
408 1993 496 2088 (Π.)
546 1995 588 2064 ln
608 1993 789 2091 Sophoclis
813 1978 919 2064 Aiace
943 2017 975 2063 v.
1003 1991 1115 2062 1336.
1151 1995 1199 2063 sic
1222 1998 1335 2088 loqui-

229 2102 284 2163 tur
308 2096 433 2171 Vlixes.

385 2245 499 2342 ιιοῖμοὶ
511 2245 581 2346 reip
597 2247 642 2347 ἦν
655 2244 749 2324 πόθ’
766 2247 873 2331 οὗτος
888 2247 1058 2343 ἔχθιστος
1072 2243 1237 2343 στρατοῦ
1243 2298 1257 2334 ,

386 2374 423 2453 ἐξ
442 2368 488 2444 οὖ
505 2365 680 2468 ’κράνησοι
702 2371 776 2444 τοῖν
793 2367 1005 2460 Ἀχιλλείων
1023 2366 1161 2442 ὅπλων·

387 2485 469 2562 ἀλλ’
484 2483 599 2562 αὐτόν
615 2492 730 2574 ἔμπας
749 2487 829 2564 ὅντ’
843 2483 911 2584 ἑχολ
929 2483 1071 2563 τοιόνδ’
1085 2485 1167 2582 ἐμοὶ

388 2605 453 2682 οὐκ
469 2609 514 2681 ἄν
529 2603 752 2704 οἷνιμοέσαιμ’
771 2608 837 2702 ἄν,
864 2608 950 2692 οἷςτι
965 2602 1018 2706 μή
1033 2609 1148 2701 λέγειν

388 2726 441 2803 ἔν’
455 2726 562 2827 ἄνδρ’
588 2732 677 2803 ἰδεῖν
697 2731 849 2828 ἄριστον
867 2727 1059 2826 Ἀργείων,
1088 2725 1172 2800 ὅσοι

260 2843 263 2846 ’
394 2847 531 2946 Τροίαν
548 2845 786 2946 ἀφικόμεσθα
794 2906 808 2942 ,
835 2845 927 2948 πλήν
942 2845 1141 2940 Ἀχιλλέως.

236 3023 295 3092 Sic
310 3021 413 3090 Laur.
432 3045 461 3089 a.
480 3045 501 3089 a
519 3023 629 3112 prima
647 3047 764 3106 manu,
790 3023 892 3092 Laur.
909 3023 943 3091 b.
966 3020 1034 3088 duo
1048 3018 1233 3087 Florentini
1248 3017 1342 3110 apud

234 3125 469 3215 Dindorfium‚
503 3124 667 3194 Brunckii
689 3127 823 3196 codices
850 3133 988 3218 praeter
1014 3123 1246 3209 membranas,
1281 3146 1343 3190 co-

238 3228 305 3295 dex
326 3229 506 3296 Palatinus.
560 3228 631 3296 Sed
659 3231 877 3298 membranae
897 3227 1079 3314 Brunckii,
1107 3225 1208 3294 codd.
1229 3224 1340 3296 Mose.

238 3355 268 3397 a.
283 3331 406 3398 Dresd.
421 3332 455 3398 b.
479 3330 557 3398 edd.
572 3331 699 3400 Aldina
720 3342 754 3400 et
776 3333 927 3400 luntinae
951 3330 1092 3404 οὔκουν.
1144 3331 1267 3419 Neque
1288 3329 1342 3395 in-

239 3434 342 3526 digua
362 3443 551 3516 memoratu
572 3434 690 3503 Bothii
706 3435 896 3503 coniectura
912 3443 979 3523 est,
1005 3433 1138 3525 prolata
1154 3433 1188 3499 iu
1202 3433 1344 3500 Annali-

238 3539 301 3605 bus
320 3537 637 3607 Vindobonensibus
660 3540 726 3608 vol
742 3539 899 3608 XXXVI.
917 3563 953 3632 p.
969 3535 1030 3606 75.
1054 3532 1118 3608 οὐκ
1139 3527 1345 3630 οἷντοιιιμοὲ·

240 3635 347 3734 σαιμ’
373 3639 430 3714 οἵν.
509 3653 511 3657 ’

344 3795 403 3867 vl.
429 3792 551 3886 (Vll.)
585 3793 767 3888 Euripides
790 3795 824 3862 in
845 3793 974 3863 Medea
996 3815 1025 3862 v.
1042 3788 1149 3859 866.'

396 3945 467 4045 ἥκω
481 3938 699 4029 κελευσθείς·
725 3948 785 4021 ιιοιὶ
799 3941 868 4044 yolo
883 3944 974 4021 crica
996 3938 1179 4041 ὃοςμενής,

397 4065 461 4141 οὐκ
480 4067 525 4142 ἄν
539 4061 721 4165 οἱμοῖρνοις
734 4069 846 4142 τοῦδέ
855 4064 910 4162 γ’,
938 4063 1018 4142 ἀλλ’
1037 4060 1243 4160 ἀκούσομαι

396 4186 434 4263 τί
449 4189 571 4288 χρῆμα
586 4183 713 4283 βούλει
733 4183 859 4264 ναινόν
876 4193 911 4274 ἐξ
926 4187 1038 4284 ἐμοῦ,
1064 4184 1180 4282 χύνοιι.
