2918 4890
543 302 1283 404 Llss.1.cAP.12.oe

167 494 262 563 facto
279 514 368 583 opus
390 500 478 560 esset
498 493 671 617 exposuit·
699 489 809 569 ταύτ
825 522 869 591 ην
886 488 928 567 εὖ
950 488 1185 588 φρονούντων
1212 491 1282 570 οἷν-

169 590 330 692 θρούπων
338 649 352 685 ,
378 589 648 694 ἐπηρεαζόντων
671 597 710 669 δὲ
724 624 785 670 ναι
777 591 1095 692 διαφθειρόντων
1111 627 1159 671 τα
1181 625 1281 696 πρα-

169 727 316 795 μματα,
339 695 365 770 δι’
380 699 444 771 νύν
467 695 572 771 οὗτοι
593 700 751 774 ποιούσι.
805 701 913 768 Recte
932 709 1059 785 vertes,
1085 711 1123 769 ut
1145 705 1281 772 omnino

169 805 231 871 ubi
245 803 406 871 omissum
421 799 514 871 est''
488 828 553 886 αν,
578 825 644 894 per
659 803 891 873 indicativum:
918 800 987 872 hoe
1001 815 1087 875 erat
1099 806 1282 875 hominum

171 906 401 1000 sapientium.
454 907 533 995 Non
551 916 667 996 potest
690 909 777 976 enim
798 907 946 1001 opponi,
975 916 1017 976 at
1041 931 1113 978 ooo
1137 919 1193 979 est
1216 933 1279 980 εα-

164 1010 362 1104 silentium,
401 1008 483 1095 sed,
526 1018 568 1078 at
593 1033 666 1079 ποτε
690 1009 837 1103 facitis.
896 1011 994 1079 Idem
1028 1011 1072 1080 de
1102 1013 1189 1081 falsa
1210 1014 1279 1106 leg.

170 1137 209 1206 p.
231 1111 319 1202 395,
336 1112 398 1186 14.
420 1110 542 1185 καίτοι
562 1139 621 1183 και
614 1110 781 1186 τᾶλλ’*
756 1142 802 1186 αν
823 1111 944 1186 ύπαντ
950 1109 1184 1198 ἀκολούθως
1197 1112 1280 1190 τού·

169 1244 250 1299 τοις
263 1217 546 1340 ἕπύπραυτο,”
508 1243 540 1287 ει
556 1242 612 1296 τις
626 1212 798 1290 ἐπείθετό
810 1245 886 1309 μοι.
912 1211 1031 1346 ουήοἲρ
1047 1219 1154 1311 ἔγωγε
1169 1217 1281 1300 οὕτως

170 1347 223 1444 ην
234 1318 365 1400 ἄθλιος
382 1313 498 1391 οὐδ’
472 1344 615 1448 αφρων,
641 1347 728 1399 ωετε
742 1316 913 1443 χρηματα
927 1319 997 1411 μὲν
1011 1315 1168 1410 διδόναι,
1187 1326 1281 1415 λαμ-

170 1416 355 1548 βανοντας
374 1447 469 1518 ορων
486 1422 641 1544 ἑτέρους,
657 1419 747 1518 νπὲρ
761 1424 824 1516 τῆς
838 1449 928 1518 προς
942 1419 1036 1514 ύμας
1048 1423 1279 1519 φιλοτιμίας·
1383 1480 1387 1489 .

171 1555 196 1599 α
190 1523 296 1599 δ
269 1552 357 1599 ανευ
371 1525 441 1618 μὲν
465 1517 680 1620 δαπύνης
640 1519 701 1596 οιύ
723 1530 762 1596 τ’
775 1522 826 1615 ἦν
841 1525 1077 1622 πραχθῆναι,
1105 1528 1226 1622 πολλῳ
1242 1528 1280 1600 δὲ

169 1629 339 1723 μείζονας
355 1623 575 1722 ὠφελείας*
540 1654 613 1715 ειχε
628 1621 725 1724 πόσῃ
744 1656 788 1724 τη
775 1624 924 1717 πόλει,
951 1629 1047 1701 ταύτ
1052 1625 1145 1702 οδε
1164 1599 1281 1727 η’βου-

170 1726 291 1852 λύμην
315 1733 496 1822 γενέσθαι.
548 1730 645 1798 lnitio
671 1730 831 1823 posuit*
805 1760 869 1820 αν,
902 1733 981 1823 quio
1007 1733 1202 1825 oppositum
1232 1742 1282 1802 est

171 1829 254 1908 αλλ
276 1831 321 1907 ού
338 1835 553 1928 πέπρακται.
606 1833 693 1902 Mox
707 1835 930 1905 veroomisit.
964 1837 1187 1925 nequeenim
1213 1860 1281 1930 op-

170 1939 321 2030 positum
345 1938 528 2030 cogitetur,
550 1934 616 2030 sui
645 1937 702 2007 ita
725 1939 879 2023 stultos,
914 1939 993 2025 sed,
1016 1938 1100 2032 feei
1125 1940 1219 2026 ista,
1245 1949 1281 2011 et

170 2041 361 2136 sapienter
376 2041 530 2163 ηηὶἀειη.
582 2040 679 2109 Idem
700 2042 744 2110 de
768 2041 1056 2134 coronop293,
1083 2041 1142 2111 12.
1170 2041 1229 2115 οιαὶ
1249 2048 1283 2118 σι’

154 2146 239 2237 ,νύν
263 2144 377 2241 τριοῖν
390 2169 535 2264 ημιρων
556 2137 632 2216 οέπο
644 2144 708 2242 τῆς
720 2140 893 2275 Αττινης
911 2139 1061 2219 όδον
1013 2172 1077 2241 της
1091 2138 1210 2265 μόχης
1224 2175 1281 2240 γε·

173 2249 342 2344 νομένης,
369 2246 545 2326 τοσοῦτος
560 2245 723 2329 ια’νδυνος
738 2277 800 2320 ναι
790 2246 933 2374 φόβος
949 2241 1178 2369 περιέστη
1130 2275 1198 2343 την
1215 2242 1281 2373 πό·

173 2353 232 2422 λιν
240 2405 254 2439 ,
281 2349 321 2422 τί
335 2347 395 2438 ἅν,
422 2351 460 2421 εἴ
472 2374 543 2422 που
558 2350 778 2449 πλησι’”ον
729 2379 793 2448 της
812 2345 929 2448 χόρος
942 2342 1061 2424 ταύτδ
1075 2350 1189 2424 τούτο
1205 2346 1281 2423 πύ-

171 2460 241 2533 θος
254 2455 398 2548 συνέβη,
424 2452 663 2550 προςδοκῆσαι
678 2454 791 2550 χρῆν·
775 2510 788 2547 ,
814 2456 894 2523 Νοπ
910 2455 998 2524 enim
1016 2455 1175 2547 oportuit,
1202 2456 1281 2546 quia

172 2565 312 2624 nonest
335 2555 419 2623 illud
442 2554 587 2642 factum,
626 2580 695 2646 quo
716 2558 809 2626 facto
836 2560 1049 2650 oportuisset.
1099 2558 1176 2626 Alie
1196 2559 1281 2627 ratio

174 2668 228 2727 est
239 2659 338 2726 hmus
357 2658 451 2726 loci
442 2681 476 2726 m
492 2659 642 2750 Philipp.
662 2661 720 2727 ΠΙ.
714 2685 793 2783 ,Ρη
786 2660 872 2748 112,
888 2657 924 2729 5.
943 2690 975 2735 ει
970 2655 1123 2753 Μμδν
1079 2687 1143 2733 ουν
1158 2688 1280 2736 auat·

173 2788 234 2841 τες
258 2759 519 2854 ωμολογούμεν
542 2763 724 2836 Φίλιππον
746 2792 791 2857 τη
778 2713 917 2836 πόλει
939 2767 1111 2855 πολεμεῖν
1129 2763 1190 2884 ηαὶ
1212 2790 1281 2859 την

118 2945 122 2952 ,
173 2857 318 2962 ειρήνην
332 2860 597 2960 παραβαίνειν,
625 2862 731 2938 οὐδὲν
751 2863 838 2939 ἄλλο
854 2868 928 2940 ἔδει
946 2893 1013 2938 τον
1029 2857 1212 2994 παριόντα
1228 2867 1280 2939 λε’-

172 2993 254 3060 yete
269 2993 330 3038 ναι
321 2964 678 3060 συμβουλεύειν,
655 2996 676 3065 η
694 2966 789 3048 ὅπως
803 2964 1063 3064 α’σφαλέστατα
1081 2965 1141 3038 καὶ
1161 2967 1280 3064 ῥᾷστα

175 3063 295 3142 αύτδν
310 3062 572 3161 ἀμυνούμεθα·
600 3064 733 3167 ἐπειδη
745 3067 781 3142 δ
797 3069 909 3152 οὕτως
923 3065 1066 3151 σέτοπως
1085 3071 1178 3143 ἔνιοι
1195 3065 1280 3143 διοί-

88 3242 92 3248 ,
173 3198 329 3262 νεινται,
345 3199 431 3254 ωςτε
443 3165 564 3254 πολεις
572 3167 952 3267 ναταλαμβανοντσς
934 3171 1084 3262 ενελνου,
1099 3199 1157 3244 ναι
1150 3167 1283 3245 πολλα

174 3273 249 3346 τῶν
264 3271 484 3394 ύμετέρων’Ι
462 3301 631 3364 εχσντος,
655 3276 715 3348 ναὶ
729 3270 868 3357 πόντος
882 3270 1099 3399 ἀνθρώπους
1112 3271 1278 3348 α’δινούν·
1290 3311 1292 3318 ·

173 3402 251 3465 τος,
260 3372 459 3468 α’νύχεσθαί
470 3405 580 3452 τινων
595 3379 633 3452 ἑν
646 3385 726 3459 ταῖς
742 3378 936 3500 εκυλησίαις
950 3371 1127 3502 λεηύντων
1140 3370 1280 3449 πολλύ-

174 3505 243 3567 τις,
260 3506 305 3560 ως
317 3507 419 3576 ημων
427 3482 522 3562 τινες
530 3508 622 3554 εισιν
635 3509 670 3554 οι
679 3508 869 3562 ποιουντες
878 3509 944 3554 τον
958 3475 1170 3607 μύλεμον,’
1145 3473 1280 3577 ανοέγνη

174 3576 433 3675 φυλάττεσθαι
450 3611 509 3655 ναι
501 3581 778 3680 διορθοῦσθαι
798 3585 880 3681 περὶ
899 3579 1045 3658 τούτου.
1078 3583 1194 3650 Videri
1210 3605 1274 3674 po-

174 3691 242 3751 test
261 3684 318 3753 hio
345 3685 539 3755 addendum
560 3685 716 3757 fuisse*
690 3715 757 3776 αν,
785 3690 865 3781 quia
886 3689 1015 3780 opponi
1036 3695 1166 3779 potest,
1198 3682 1279 3758 αλλ’

176 3813 221 3859 ου
212 3780 293 3860 δει
305 3784 411 3864 ούδὲν
426 3787 514 3864 ἄλλο
533 3793 664 3912 lipom
710 3791 952 3860 Nihilominus
971 3801 1064 3858 recte
1087 3789 1169 3857 omis
1171 3813 1208 3857 se
1229 3799 1280 3858 est

172 3891 348 3982 particule.
400 3893 522 3983 Neque
536 3895 623 3962 enim
639 3896 686 3962 sie
700 3894 840 3988 intelligi
853 3894 940 3962 haee
953 3895 1057 3962 voluit
1072 3893 1278 3961 Demosthe-

171 4015 245 4080 nes,
270 3995 332 4063 sed
353 4017 460 4087 quum
483 3997 565 4066 velit
584 3997 783 4091 Philippum
807 3999 851 4067 ab
871 3998 1023 4066 omnibus
1036 3995 1170 4064 hostem
1190 3995 1278 4063 iudi-

172 4097 260 4186 cati,
285 4098 571 4190 vehementerque
589 4101 762 4195 improbet
776 4124 851 4189 eos,
875 4103 932 4192 'qui
951 4101 1045 4169 aliter
1064 4101 1223 4184 sentiant,
1244 4098 1279 4165 in

170 4196 262 4270 hanc
283 4205 479 4272 sententiam
501 4205 667 4296 loquitur:
696 4205 729 4276 si
752 4226 856 4274 οειπο
885 4213 1051 4275 nostrum
1080 4201 1277 4286 dubitaret,

167 4303 273 4393 illum
293 4306 434 4417 hostem
447 4331 543 4398 esse,
570 4309 618 4380 de
639 4331 682 4380 eo
698 4318 842 4380 tontum
858 4331 916 4381 me
930 4309 1053 4380 dicere
1067 4329 1158 4400 οηιυε
1180 4313 1277 4396 erat,
