2918 4890
591 288 722 350 mun
767 287 923 350 orno.
1011 255 1014 261 ’
1264 296 1306 356 41

200 491 238 551 et
257 480 436 559 sententiae
451 480 516 572 ipsi
530 478 648 546 melius
667 479 865 548 couveniens
881 499 999 545 verum
1013 476 1226 548 iudicandum
1240 489 1308 550 est:

199 583 330 681 apisci
342 586 387 657 τί
400 609 456 664 τις
472 580 617 672 εὔχεται
630 575 733 678 ολνήρ.
785 581 843 651 sic
855 579 948 651 Iliad.
965 609 991 653 ι.
1008 576 1093 648 159.

308 733 461 809 τοῦνιιια
475 733 537 807 ιιαί
550 761 592 808 τι
605 738 773 829 βροτοῖσι
787 732 884 807 θεῶν
899 733 1068 823 ἔχθιστος
1081 727 1261 810 αἰιιίντων.

204 890 313 982 Apud
330 887 593 979 Aristophanem
611 886 646 971 in
669 884 756 957 Ach.
777 883 863 956 sta.
886 886 1052 979 Boeotus,
1086 887 1307 982 iuterrogatus

204 991 446 1084 quidafferat,
471 988 672 1082 respondet:

312 1139 371 1218 ὅσ’
397 1139 474 1217 ἔστ’
501 1141 546 1214 σίν
572 1134 700 1235 drudo?
724 1141 905 1221 Βοιωτοῖς
929 1137 1056 1224 uicinis.

205 1298 250 1367 ld
265 1319 327 1366 nos
344 1296 550 1378 diceremus,
575 1317 655 1364 rous
671 1316 711 1363 es
727 1303 823 1364 elwa
835 1303 944 1387 gntus
959 1294 996 1363 r'n
1013 1293 1184 1365 Boeotico
1197 1296 1309 1390 giebt.

206 1401 307 1468 Haec
322 1401 383 1468 etsi
399 1408 434 1466 et
449 1398 548 1465 codd.
563 1399 795 1466 nonnullorum
811 1408 845 1465 et
864 1406 941 1465 vett.
963 1397 1040 1465 edd.
1063 1400 1228 1490 scriptura
1249 1411 1310 1488 est,

208 1512 322 1568 tamen
347 1500 465 1589 optimi
486 1499 623 1586 quidam
650 1501 725 1567 libri
743 1499 985 1585 ciromittunt,
1021 1501 1121 1573 ἔστιν
1150 1503 1310 1594 scriptum

209 1602 421 1671 exhibentes:
441 1601 694 1689 fatendumque,
719 1601 868 1692 potuisse
883 1599 928 1671 σ’ίν
941 1602 1025 1668 vele
1040 1603 1151 1692 prima
1163 1627 1311 1693 sequen-

208 1707 251 1773 tis
263 1704 420 1771 vocabuli
433 1703 562 1793 syllaba
576 1705 677 1789 nasci,
691 1705 746 1772 vel
760 1727 780 1770 a
795 1703 949 1789 metricis,
971 1726 1076 1792 quum
1090 1702 1168 1778 ἔσς’
1183 1703 1312 1798 ἀγαθοί

209 1807 375 1896 scriptum
391 1807 605 1885 invenissent,
630 1807 738 1878 inseri.
788 1808 866 1874 No'n
884 1814 996 1891 tamen
1009 1807 1128 1874 rationi
1143 1820 1312 1902 repugnat

209 1909 385 2002 particula.
435 1907 507 1977 Sed
525 1918 563 1975 ut
591 1908 647 1974 hic
672 1931 740 1977 non
763 1907 902 1976 ferenda
930 1907 1100 1996 videatur,
1134 1912 1312 1998 quiscum

208 2013 287 2104 ipso
299 2020 351 2079 est
366 2011 471 2079 verbo
488 2019 689 2094 constructa,
715 2033 783 2079 non
799 2009 940 2077 oilendit
954 2018 1084 2093 minen,
1110 2012 1138 2078 si
1157 2013 1200 2079 ad
1213 2014 1313 2083 aliam

139 2111 160 2193 J
210 2137 332 2182 vocem
348 2114 500 2181 refertur.
551 2113 681 2181 Illustre
696 2106 961 2203 exemplum
904 2134 961 2178 exs
952 2114 1056 2179 tutin
1076 2114 1312 2237 Xenophontis
1357 2191 1359 2196 .

211 2215 472 2343 Symposip4,
463 2214 567 2283 δῖ’
549 2242 615 2308 ayo
608 2210 676 2288 δὲ
696 2213 791 2287 οὕτω
809 2215 878 2306 μὲν
897 2208 1060 2285 πολλοί
1038 2241 1121 2301 σχον,
1147 2213 1192 2296 νίς
1208 2211 1313 2307 μόλις

161 2350 172 2369 ·
212 2313 311 2390 cairo?
327 2318 387 2390 ναί
403 2311 472 2410 ἑγολ
483 2316 529 2389 ιίν
544 2310 654 2397 οιιλτος
668 2315 825 2412 salpicum.
878 2315 1057 2385 Delevit
1032 2344 1077 2388 αν
1099 2317 1313 2406 Schaeferus,

211 2443 316 2511 quem
329 2443 438 2513 nuper
450 2428 608 2509 sequutus
622 2421 727 2488 estL.
746 2419 951 2488 llindorfius.
1002 2421 1080 2488 Non
1101 2430 1211 2507 recte,
1236 2445 1315 2491 mea

213 2524 386 2592 sententia
434 2522 608 2612 Numquid
626 2523 713 2590 euim
733 2522 824 2603 aliud
842 2533 891 2590 est
911 2522 995 2589 illud
1008 2522 1267 2614 Sophoclis,
1233 2553 1315 2599 ιιτα

213 2626 285 2720 ιιιλρ
303 2625 350 2697 civ
374 2619 418 2697 οιλ
434 2624 571 2719 παρῆν,
599 2634 634 2692 et
648 2648 735 2714 quac
746 2624 890 2717 plurima
907 2626 1024 2692 similia
1044 2648 1147 2716 supra
1166 2649 1313 2697 comme·

211 2727 437 2797 mouerimus?
462 2727 626 2795 Nimirum
646 2728 693 2794 sic
708 2736 759 2795 est
772 2728 856 2794 illud
871 2727 1124 2818 explicandum,
1150 2725 1195 2808 σλς
1209 2724 1315 2821 μόλις

214 2824 385 2909 αὐτοίκαὶ
400 2822 515 2921 σι’ίχολ
529 2823 638 2908 αιλτιλς
653 2830 793 2926 ζητοίην
810 2828 969 2922 adpinum.
1021 2830 1117 2899 Haec
1134 2831 1235 2921 igitur
1257 2833 1315 2920 qui

213 2933 370 3017 damnet,
394 2931 551 3021 quoniam
570 2931 698 2998 rariora
711 2940 801 3018 sunt,
826 2954 946 2999 vereor
967 2955 1010 3000 ne
1029 2955 1149 3024 parum
1170 2957 1315 3026 perspe-

214 3045 304 3102 ctam
317 3034 443 3102 habeat
456 3032 578 3103 Graeci
592 3035 753 3103 sermonis
769 3034 977 3125 elegantiam.

316 3137 372 3204 Ab
392 3135 461 3203 hoc
483 3136 640 3226 exemplo
661 3146 696 3203 ut
719 3137 787 3202 iam
802 3138 847 3204 ad
873 3137 957 3206 illud
970 3161 1077 3229 genus
1096 3146 1314 3228 transeamus,
1411 3168 1414 3175 ’

214 3242 250 3309 iu
265 3261 333 3330 quo
347 3238 510 3329 particula
520 3260 589 3306 nou
602 3248 652 3306 est
667 3240 804 3330 proprie
815 3262 892 3306 cum
905 3242 1010 3309 verbo
1023 3251 1221 3327 constructa,
1247 3263 1315 3311 nou

214 3365 328 3435 pauca
342 3340 532 3409 huiusmodi
544 3341 770 3428 inveniuntur,
797 3364 883 3430 quae
906 3364 987 3410 cave
1009 3351 1135 3410 temere
1155 3343 1315 3433 corrigas.

215 3446 294 3513 Non
308 3457 359 3512 est
372 3444 417 3511 ad
429 3442 497 3510 hoc
512 3466 620 3534 genus
639 3443 835 3512 referendus
848 3445 942 3512 locus
955 3444 1167 3536 Thucydidis
1180 3444 1237 3512 lv.
1254 3443 1315 3512 63.

215 3546 441 3618 memorabilis
468 3545 525 3613 illc
547 3555 689 3638 propter
714 3547 921 3633 liberiorem,
956 3547 1018 3617 sed
1049 3559 1162 3616 tamen
1197 3548 1316 3616 iustam

216 3651 398 3719 verborum
416 3656 633 3716 structuram.
658 3675 703 3721 το
695 3641 858 3740 ξύμπαν
877 3677 919 3725 τι
936 3643 980 3747 oq
993 3649 1153 3744 χνολμσν,
1179 3644 1314 3722 πειθό-

215 3779 322 3844 μενοι
343 3752 411 3843 μίν
429 3749 527 3840 ἐμοί,
555 3743 704 3822 πόλιν
682 3780 698 3823 ε
700 3762 818 3832 ξοντις
840 3757 987 3834 ἕκαστος
1007 3748 1272 3846 ἑλινθέραν,’
1248 3749 1317 3847 αφ’

215 3852 256 3949 ἧς
280 3847 544 3947 αιλτοιιροίτορις
560 3850 661 3931 ὄντες
680 3880 747 3925 τον
768 3849 881 3925 educi
896 3855 1220 3947 κανῶςδριιλντοιέξ
1237 3857 1317 3927 ι’σσν

217 3954 329 4052 α’ριτη
316 3950 606 4048 &posuimus-
632 3954 676 4050 ἦν
691 3951 769 4028 δὲ
744 3949 1007 4077 οιπιστήσαντις
1023 3953 1179 4036 uiliore
1159 3951 1316 4029 σιιακοιλ-

218 4084 346 4148 σωμιν,
375 4055 420 4131 ori
433 4057 514 4154 περί
527 4084 594 4129 σου
581 4051 895 4181 τιμωρήσασθαί
907 4086 1004 4148 τινα,
1031 4053 1122 4132 α’λλολ
1137 4060 1195 4130 νοιὶ
1210 4059 1317 4150 ἄγαν,

218 4163 253 4231 εἰ
266 4154 457 4252 τιλχοιμιν,
485 4159 585 4278 φίλοι
605 4161 674 4247 μὲν
697 4160 743 4231 σίν
764 4163 840 4239 τοῖς
855 4161 1057 4248 ἐχθίστοις,
1085 4154 1260 4254 διαφοροι
1280 4161 1319 4232 δὲ
1382 4175 1400 4216 ’-
1430 4233 1431 4237 ,

218 4263 271 4344 οἶς
288 4261 337 4336 οιλ
360 4257 448 4361 χρή,
482 4257 565 4335 κατ’
587 4256 743 4358 ιλνιλχιιιχν
762 4257 976 4356 χιχνόμιθιι.
1029 4265 1087 4334 Sic
1105 4265 1258 4357 plerique
1286 4271 1320 4330 ot
