2918 4890
564 302 648 366 LlB
675 301 699 362 l
745 300 892 367 ΕΔΜ
1242 317 1286 378 45

171 492 301 588 lpse
277 486 388 617 ρπόο
410 490 487 566 ἐστὶ
506 518 619 583 χρεων
635 493 753 584 legere
769 489 913 565 ridetur
967 493 1078 588 Vulgo
1099 500 1162 583 ibi,
1189 528 1224 573 ra
1220 499 1284 576 ’δ’

172 594 220 672 ori
242 591 457 723 <supposuit
484 588 594 668 ὀπόπ
618 596 694 669 ἐστι’
714 622 828 715 χρρωο
848 589 916 667 τόν
943 624 984 689 ys
1015 603 1112 696 σοφῇ
1132 552 1283 696 δόκιμον

173 699 293 795 φρενί.
345 697 471 766 Suidae
489 696 567 769 cod.
590 692 828 770 Ι,οἰι1.ὀπόσα
849 693 963 819 χρεών
988 704 1066 773 ἐστι
1087 731 1155 777 τοο
1159 709 1284 827 σοφῇ.

172 800 289 874 Godd.
306 800 394 872 Rev.
414 809 448 867 et
472 795 684 873 venundo
706 799 752 873 οἶν
770 825 884 897 χρεων
899 827 978 875 εστι
994 829 1061 877 τοι
1077 830 1184 904 οοφη
1215 796 1282 882 G.
1336 817 1339 824 '

173 904 371 975 Dindorfius
390 905 435 970 ita
451 902 572 972 edidit:

280 1184 398 1277 οοφον
424 1155 563 1280 ἄνδρας
588 1154 688 1230 οἰδ
715 1154 759 1229 ου’
785 1185 829 1230 ou
856 1186 1017 1256 φροοιις,
1045 1157 1153 1235 ὁπόο
1179 1165 1226 1237 οἶν

278 1288 394 1389 χριωρ
419 1252 486 1332 τόν
511 1288 551 1352 ys
577 1260 673 1355 σοφῇ
699 1252 850 1352 δόκιμον

281 1361 389 1462 φρενὶ
413 1358 557 1460 πορίμῳ
583 1389 625 1435 τε
651 1354 790 1459 cellum

173 1516 216 1586 ld
239 1516 323 1585 mihi
345 1515 481 1605 quidem
497 1538 565 1584 uon
582 1516 715 1584 videtur
736 1517 815 1587 ferri
836 1539 957 1609 posse,
983 1519 1062 1606 quia
1079 1517 1148 1587 sive
1170 1514 1194 1616 ἦ
1212 1521 1282 1590 sive

176 1624 231 1717 εἴη
245 1619 429 1710 intelligas,
454 1641 521 1687 ιιοιι
537 1627 630 1686 recte
649 1620 803 1711 procedit
826 1621 995 1693 sententia.
1049 1621 1138 1705 Quin
1160 1646 1203 1691 ne
1224 1624 1282 1692 illa

175 1719 384 1812 quidem,
361 1748 429 1793 οοα
446 1716 516 1816 χρή
530 1715 646 1815 σοφόν
660 1721 795 1814 αοδροι,
822 1745 891 1811 quo
913 1745 1011 1791 sensu
1031 1726 1197 1792 verbis'
1157 1753 1194 1797 τι
1211 1721 1281 1822 γὀἱρ

176 1851 219 1898 οε
238 1826 393 1918 πέφευγε
409 1825 516 1914 aptari
539 1825 686 1914 possint,
711 1824 823 1898 video
875 1825 1032 1892 Immo
1002 1849 1056 1892 vrx
1075 1837 1159 1917 puto
1178 1828 1280 1896 dubi·

176 1927 240 1996 tari
260 1949 381 2017 posse,
406 1927 486 2017 quin
502 1927 584 1993 nihil
605 1927 668 1994 sint
688 1927 749 1994 nisr
739 1927 1182 2018 explicatio-verborum‘
1162 1924 1280 2002 οπόσα

176 2023 293 2122 χρεοίν
306 2023 373 2100 τόν
390 2029 486 2124 σοφῇ
501 2023 652 2120 δόκιμον
668 2027 782 2123 φρενί.
824 2029 914 2096 Ηίιιο
931 2030 1023 2097 effici
1038 2032 1192 2119 arbitror,
1218 2055 1280 2100 ex-

178 2133 299 2200 cidisse
312 2132 480 2218 uonnulla,
507 2155 595 2221 quae
612 2141 723 2198 autem
736 2130 911 2216 habemus,
938 2133 985 2199 sic
999 2155 1071 2199 esse
1086 2133 1279 2202 scribenda:

177 2234 250 2314 ποῖς
276 2229 311 2307 δ’
338 2231 420 2322 οὐχί
427 2261 442 2325 ,·
466 2231 505 2305 τί
528 2228 597 2329 γάρ
625 2260 664 2305 οι
685 2234 860 2327 ntorum,
885 2229 924 2304 τί
940 2229 977 2305 δ’
1003 2231 1046 2305 οὐ
1070 2228 1115 2306 ου’
1137 2242 1281 2328 φρονεῖς

178 2331 298 2411 ὁπόσοι
316 2329 429 2431 χρεών
446 2339 524 2408 ἐστι
540 2337 636 2432 σοφῇ
652 2329 804 2427 δόκιμον
820 2334 925 2430 φρενὶ
939 2335 1082 2429 πορίμῳ
1098 2364 1139 2408 τι
1153 2331 1280 2431 τόλμῃ.

200 2434 205 2445 ’
279 2439 429 2507 Pertinet
449 2439 495 2507 ad
515 2438 603 2506 hanc
617 2438 876 2531 disputationem
898 2439 997 2506 eliam
1014 2433 1077 2512 ἑοῖο
1095 2461 1172 2506 cum
1190 2439 1281 2506 indi-

178 2542 288 2611 cativo
302 2542 486 2634 praesentis
499 2542 663 2628 iunctum,
690 2540 783 2631 quod
800 2542 1018 2628 recentiores,
1043 2543 1077 2609 in
1093 2543 1198 2632 iisque
1214 2542 1281 2634 ipsi

178 2644 388 2737 grammatici
416 2666 485 2712 non
512 2667 589 2711 raro
618 2654 829 2735 usurparunt.
882 2644 936 2713 Ile
960 2667 1026 2732 qua
1051 2668 1089 2712 re
1120 2669 1141 2711 a
1163 2644 1280 2712 Bastio

177 2747 434 2836 Schaeferoque
445 2746 650 2837 disputatum
663 2757 713 2814 est
724 2748 761 2814 in
771 2747 946 2838 Epimetro
962 2747 1005 2818 ll.
1020 2746 1065 2813 ad
1078 2747 1180 2818 Arist.
1191 2747 1279 2819 Plut.

177 2875 214 2944 p.
226 2850 417 2922 xxxvlll.
432 2873 504 2940 seq.
554 2851 659 2940 Atqui
680 2849 845 2941 originem
858 2858 970 2916 tamen
992 2849 1136 2936 aliquam
1152 2848 1282 2917 habere

178 2952 386 3022 consuetudo
411 2953 475 3020 ista
495 2951 608 3025 debet.
660 2953 740 3019 Non
764 2960 815 3019 est
837 2951 924 3019 enim
945 2950 1122 3037 credibile,
1148 2952 1176 3018 si
1197 2951 1281 3019 illud

178 3057 353 3125 soloecum
378 3063 445 3140 est,
477 3056 586 3123 subito
611 3054 844 3122 soloecismum
867 3053 1032 3146 placuisse
1065 3053 1198 3121 Graece
1225 3054 1280 3122 lo-
1407 3044 1413 3053 ’

179 3158 368 3248 quentibus.
419 3157 528 3225 lmmo
540 3158 623 3225 istae
638 3182 659 3224 a
676 3158 822 3248 genuina
839 3157 974 3246 linguae
987 3156 1116 3224 ratione
1141 3158 1279 3225 aberra-

177 3262 286 3328 tiones
301 3260 373 3328 fere
390 3283 432 3328 ex
449 3283 490 3328 eo
504 3270 603 3328 natae
617 3269 710 3346 sunt,
737 3259 830 3348 quod
845 3259 980 3344 imitari,
1007 3282 1093 3348 quae
1109 3259 1202 3350 apud
1218 3283 1279 3326 an-

177 3364 290 3453 tiquos
303 3371 337 3430 et
351 3363 459 3431 bonos
475 3365 653 3454 scriptores
667 3362 879 3451 exquisitiora
896 3359 1104 3447 viderentur,
1130 3363 1165 3429 in
1180 3360 1279 3428 laude

177 3466 433 3547 numerabatur3
459 3488 546 3556 quae
563 3465 777 3550 imitationes,
798 3485 901 3554 quum
921 3486 1057 3532 caussae
1078 3486 1138 3531 cur
1155 3463 1200 3529 illi
1216 3463 1278 3529 ali-

178 3567 316 3658 quando
331 3591 352 3634 a
374 3569 493 3659 regula
515 3568 735 3636 declinassent
750 3589 818 3634 non
838 3575 946 3634 esseut
970 3569 1048 3634 satis
1067 3575 1277 3658 perspectae,

179 3671 372 3761 saepissime
391 3671 426 3737 in
439 3672 553 3738 vitium
571 3670 827 3761 degenerarunt.
877 3670 957 3736 Non
973 3669 1122 3737 debebat
1142 3666 1280 3756 quidem

177 3771 405 3841 Schneiderus
419 3773 453 3840 in
468 3772 607 3864 Epicuri
624 3773 766 3862 epistola
780 3796 817 3863 p.
832 3770 893 3857 27,
908 3769 970 3842 84.
986 3765 1049 3842 ἐοέιι
1064 3797 1119 3850 τις
1131 3765 1279 3863 βαστά-

179 3882 232 3961 ζει
253 3875 454 3962 defendere,
479 3898 590 3965 neque
606 3873 761 3942 Reislrius
779 3875 813 3940 in
834 3872 1008 3944 Demosth.
1032 3895 1081 3945 or.
1101 3874 1137 3940 in
1155 3874 1278 3946 Neaer.

177 4000 216 4070 p.
240 3976 361 4064 13³4,
392 3976 452 4052 24.
480 3977 599 4049 ecod.
622 3975 707 4047 Bav.
732 3976 832 4059 dare,
858 3967 922 4048 ἑοῖν
944 3970 981 4046 δ’
1005 3977 1142 4064 elecem,
1167 3998 1280 4064 neque

178 4081 224 4148 ab
246 4080 316 4147 aliis
333 4081 413 4148 ferri
428 4080 520 4172 apud
540 4081 739 4170 Lycurgum
763 4075 849 4150 109.
871 4100 908 4167 p.
930 4073 1016 4148 162.
1039 4079 1107 4146 sive
1129 4099 1166 4169 p.
1190 4075 1278 4152 266.

177 4180 291 4255 Beldr.
315 4180 401 4254 212.
416 4182 553 4254 uersu:
580 4179 670 4254 ὅταν
690 4185 728 4253 ἐν
751 4185 827 4259 τοῖς
846 4176 973 4258 ὅπλοις’
990 4173 1278 4275 ἐκστρατευόμε-

177 4282 239 4357 vol
269 4287 349 4359 ιίοι.
398 4285 610 4355 Heinrichius
639 4283 685 4351 ibi
714 4283 794 4356 ἴωσι
820 4281 944 4371 edidit,
969 4282 1063 4373 quod
1087 4305 1153 4357 non
1173 4282 1278 4350 ausim
