2918 4890
253 368 255 375 γ
298 288 348 347 DE
366 288 699 351 inscnlrulotnnvs
722 289 950 364 Qvluvsntn
968 291 1141 354 cntucls.
1206 296 1271 358 alt
1383 350 1385 355 .

155 477 327 568 'lorsitan‚
353 479 411 568 qui
433 479 740 572 mythologicorum
762 481 996 572 mysteriorum
1016 480 1191 551 thesauros
1213 505 1270 551 re-

173 581 303 667 cludat,
338 584 492 673 exempla
514 585 723 675 sepultorum
746 583 905 652 deorum:
937 584 999 652 sed
1023 595 1136 653 tamen
1161 586 1269 654 nemi-

64 706 70 713 ·
172 707 268 770 nem,
295 687 352 774 qui
363 708 444 752 sana
463 695 575 754 mente
592 686 651 772 sit,
671 687 738 755 tale
755 687 836 776 quid
850 687 912 754 sibi
924 708 1180 779 persuasurum,
1207 690 1268 756 sed
1284 692 1288 705 '

171 788 283 877 potius
305 789 531 856 confessurum
553 812 744 880 speramus,
770 790 915 881 pessime
935 791 1028 858 abuti
1050 800 1121 858 arte
1145 791 1268 876 critica,

56 955 58 961 s
158 889 200 956 ἐἰ
221 900 333 958 tamen
357 891 443 959 haec
467 901 517 960 est
544 915 598 961 ars
622 893 752 978 critica,
785 915 1016 983 summamque
1042 893 1155 962 facere
1182 894 1268 961 iniu-

171 993 272 1080 riam,
308 995 366 1083 qui
389 1007 507 1086 aperte
533 995 680 1063 absurda
706 997 741 1062 in
762 986 940 1089 scriptores
967 997 1096 1067 inferat.
1156 1001 1267 1086 Atque
1293 1080 1296 1085 q

170 1095 227 1163 hic
249 1097 386 1187 quidem
407 1098 488 1187 quid
508 1121 624 1166 verum
645 1107 734 1166 esset
753 1092 823 1167 tam
847 1098 946 1166 facile
969 1109 1039 1167 erat
1055 1100 1205 1185 inventu,
1232 1109 1268 1167 ut

171 1201 358 1268 mirandum
375 1201 416 1268 sit
428 1202 601 1290 quomodo
613 1202 717 1270 latere
731 1202 897 1294 potuerit,
924 1202 952 1270 si
963 1202 1146 1269 velleviter
1160 1212 1269 1270 atten-

171 1320 306 1391 dissent.
345 1321 475 1412 sapa
512 1320 632 1408 nasot,
676 1299 1267 1395 ruonnnAnurmMson

170 1440 317 1508 Litterae
338 1440 489 1509 inversae
509 1440 593 1513 Mil
613 1450 647 1509 et
662 1439 755 1531 quod
775 1438 978 1527 sequiturE
990 1460 1054 1528 per
1075 1460 1268 1507 communes
1312 1440 1315 1444 ’

171 1542 273 1611 lineas
289 1545 324 1610 in
349 1567 449 1610 unam
470 1555 546 1610 sunt
566 1545 712 1636 figuram
736 1550 883 1609 coactae.
926 1540 1030 1628 Atqui
1046 1544 1089 1613 N
1101 1543 1269 1639 inversum
1367 1591 1370 1597 -

172 1645 272 1712 etiam
298 1648 332 1713 in
366 1656 615 1753 quartouersu
629 1646 726 1715 huius
750 1643 861 1712 lateris
887 1642 1066 1732 invenitur,
1101 1667 1267 1734 nusquam

170 1787 252 1831 vero
261 1774 311 1841 W
326 1788 390 1857 pro
404 1769 464 1859 M,
481 1764 597 1839 sedus
605 1766 731 1855 'ubique
743 1787 807 1857 pro
819 1762 863 1835 ,Ω
877 1762 1034 1853 positum.
1061 1762 1116 1830 Ex
1130 1786 1198 1853 quo
1211 1786 1267 1831 se-

171 1867 293 1956 quitur,
311 1870 403 1937 idem
418 1869 474 1936 hic
490 1891 625 1958 quoque
640 1870 768 1939 factum
782 1888 865 1953 esse,
882 1865 1042 1954 quodque
1060 1867 1190 1955 cum-ll
1203 1867 1266 1934 ista

169 1971 279 2061 ligura
306 1973 432 2062 scripto
460 1971 620 2039 cohaeret
641 1975 694 2056 E,
736 1970 825 2038 male
850 1967 990 2052 lectum,
1023 1990 1092 2035 non
1114 1970 1152 2038 E
1181 1992 1265 2069 esse,

169 2073 233 2141 sed
247 2077 291 2145 Σ.
304 2075 307 2083 ’
345 2074 403 2165 Sic
414 2072 578 2141 habemus
597 2073 907 2173 ΤΕΟΝΩΣΑΝ,
934 2068 1027 2160 quod
1043 2071 1199 2160 quianon
1213 2073 1266 2140 vi·

169 2175 250 2243 dett
268 2176 567 2250 ΤΕΘΝΩΣΑΝ
575 2198 670 2263 esse,
697 2198 785 2266 quae
804 2173 986 2245 communis
1006 2172 1117 2241 forma
1132 2183 1182 2241 est
1199 2196 1265 2267 pro

81 2319 84 2325 ·
168 2278 253 2364 illa‚'
268 2301 369 2368 quam
388 2279 560 2347 Atticistae
575 2289 613 2347 nt
631 2281 811 2375 probatam
825 2276 1077 2362 commendant,
1102 2277 1266 2349 scdsed:
1395 2280 1446 2332 .·

169 2379 263 2455 oua?
293 2381 421 2448 Moeris
435 2404 472 2474 p.
486 2379 572 2449 449.
587 2377 743 2462 vaesanis
757 2383 818 2455 καὶ
836 2379 1023 2453 τεθνεῶσα
1041 2379 1265 2477 διῃρημένως.
1399 2434 1402 2441 .

67 2562 71 2573 Ι
170 2483 240 2551 Sed
257 2506 323 2552 non
344 2507 485 2575 possum
503 2509 525 2551 a
539 2485 709 2553 Welckeri
733 2486 947 2555 adnotatione
963 2480 1138 2563 discedere
1157 2482 1266 2573 prius-

169 2610 270 2676 quam
293 2588 416 2680 panois·
435 2587 479 2655 de
500 2588 558 2687 illa
576 2588 671 2683 apud
696 2589 881 2658 Gruterum
907 2583 1121 2677 inscriptione
1137 2584 1265 2672 dixero,

168 2713 331 2778 quajusus
352 2700 403 2759 est
417 2691 462 2759 ad
479 2690 776 2761 demonstrandum
795 2692 880 2761 illud
899 2690 995 2759 sicat
1010 2688 1117 2756 deum
1133 2689 1263 2761 colere.

167 2793 224 2861 Ab
246 2795 322 2884 ipso
348 2794 436 2862 enim
460 2796 685 2886 excogitatum
714 2806 764 2864 est
793 2795 860 2863 hoc
884 2789 1125 2879 testimouium,
1160 2813 1266 2881 quum

147 2905 202 2964 tt
220 2897 446 2970 INrtTrtN
460 2899 493 2965 in
509 2898 648 2988 arpalo,
675 2899 768 2989 quod
791 2899 867 2966 satis
889 2893 1043 2964 dissimile
1060 2902 1128 2981 est,
1153 2902 1264 2961 muta-

166 3001 224 3078 vit,
245 3009 279 3067 et
295 3022 365 3067 non
377 3001 562 3069 accuratius
576 3002 785 3091 considerpta
802 3001 1014 3093 inscriptione
1028 2997 1086 3066 illa
1100 3005 1171 3064 tum
1184 2997 1263 3081 hoc,

167 3112 239 3168 tum
267 3100 382 3197 ἄνδρα
407 3112 441 3171 et
468 3104 703 3176 uvuuvsiloro
732 3128 799 3172 una
824 3125 902 3173 cum
927 3094 1081 3186 articulo,
1113 3101 1170 3189 qui
1184 3101 1264 3195 psam

166 3204 200 3270 in
223 3203 359 3270 Gruteri
383 3224 495 3296 opere·
515 3228 593 3273 cum
619 3205 744 3298 duplici
770 3208 968 3276 soloecismo
993 3212 1071 3271 ante
1086 3195 1263 3297 eruto'-

166 3332 263 3384 νικος
291 3307 419 3397 positus
449 3317 514 3392 est,
555 3309 694 3400 recepit.
753 3310 931 3402 Inscriptio
961 3308 1024 3378 ista
1048 3305 1143 3399 apud
1169 3304 1263 3374 Gru-

167 3419 276 3476 terum
302 3409 349 3476 sic
374 3406 498 3478 habet:

295 3577 800 3643 nomunrronnornom
823 3627 830 3640 .
854 3628 861 3643 .
886 3629 894 3646 .

293 3680 726 3757 Ansrnnroanrnan

292 3768 688 3847 nannuruanrnno
708 3864 711 3869 Δ

292 3884 1108 3951 nonaumnmnmnnonmurrnror

229 3990 252 4050 s
294 3984 1190 4054 AnnaerormnnonsnornornnAnnsrA

283 4090 1009 4185 ‚anquanaosronrnnnrornrssn

295 4191 1036 4258 ronnrnannosnnsnnnrrornn

291 4287 1206 4364 srnsnronnrnomnnnannianonnomn
