2918 4890
208 246 272 307 212
508 192 510 197 Ι
568 238 939 301 EMENDATIONES

209 435 309 513 hrum
324 431 398 500 Xll.
416 432 526 500 verbis
542 430 605 497 illis
629 429 674 510 nic
695 429 826 520 ὃμέν,
853 440 888 498 et
908 429 988 498 alias
1007 429 1207 522 rhapsodias
1223 433 1319 501 simi-

209 536 284 605 liter
303 535 445 625 incepit,
471 534 659 625 intelligere
685 532 803 601 debuit
820 531 1006 618 Colutlrus,
1033 535 1161 600 factum
1184 535 1221 602 id
1241 560 1319 605 esse

76 684 81 695 ι
209 640 274 725 sic,
301 647 337 706 ut
357 660 559 731 praegressa
578 636 835 727 respicerentur.
889 635 1020 704 Censor
1040 637 1319 730 Heidelbergen-

208 743 252 810 sis
266 765 299 834 p.
320 736 408 813 509.
423 739 690 831 comparandum
707 738 810 814 fuisse
823 739 871 805 ait
884 739 1105 807 Homericum
1122 738 1189 808 Od.
1206 743 1232 808 l.
1254 742 1317 814 ll.

312 907 394 985 ἕνθ’
408 908 512 983 ἄλλοι
526 909 594 1001 μὲν
611 902 761 996 πάντες,
786 905 868 982 ὅσοι
886 901 1004 1007 φύγον
1018 902 1131 983 aenda
1146 908 1318 1009 ὄλεθρον,

311 1016 405 1087 οἴκοι
422 1015 530 1101 ἔσαν,
1320 1095 1335 1147 t'

208 1186 340 1276 aliaque
360 1185 396 1253 in
420 1183 547 1251 medias
574 1206 628 1250 res
649 1183 815 1275 rapientia
836 1183 983 1250 exordia.
1036 1182 1170 1251 Horum
1194 1185 1319 1252 vellem
1436 1193 1440 1199 '

210 1289 384 1380 exempla,
410 1309 498 1375 quae
521 1286 638 1353 similia
661 1293 788 1372 essent,
814 1286 971 1358 dedisset.
1025 1287 1115 1354 Nam
1138 1285 1182 1353 de
1203 1287 1261 1354 illo
1282 1289 1320 1356 in

210 1391 368 1482 Odyssea
383 1391 443 1457 etsi
463 1388 667 1473 Nitzschius,
695 1411 864 1478 quemque
880 1389 909 1456 is
925 1389 1050 1473 laudat,
1079 1388 1174 1462 Guil.
1199 1389 1319 1462 Muel-

208 1497 297 1562 lerus
310 1492 433 1560 rectius
450 1513 552 1578 quam
565 1491 619 1558 alii
636 1491 834 1576 iudicarunt,
852 1500 966 1559 tamen
979 1493 1199 1583 reliquerunt,
1221 1493 1322 1580 quod*

209 1590 354 1664 maxime
369 1591 564 1661 addendum
579 1603 669 1678 erat,
695 1592 815 1660 referri
835 1593 928 1665 ἔνθα
946 1594 990 1661 ad
1012 1588 1118 1661 verba
1137 1617 1169 1662 v.
1196 1593 1231 1661 2.
1247 1616 1317 1685 po-

208 1699 290 1783 sita,
317 1694 393 1768 λνιεί
419 1691 547 1790 Τροίης
570 1688 668 1786 ἱερόν
690 1692 913 1788 πτολίεθρον
934 1696 1103 1790 ἔπερσεν,
1130 1697 1246 1785 itaque
1261 1698 1316 1764 iu-

209 1799 321 1866 dicato
342 1799 408 1864 iam
435 1806 591 1887 tempore
619 1804 713 1864 recte
740 1795 868 1863 dictum
898 1819 982 1864 esse.
1036 1797 1221 1880 ColuthuS,
1254 1800 1317 1867 nisi

207 1901 323 1986 fallor,
349 1900 527 1990 scripserat
544 1903 640 1970 τοῖσι
657 1900 748 1990 μέν,
775 1907 813 1966 ut
833 1899 1100 1992 intelligerentur
1115 1923 1158 1968 ex
1179 1925 1217 1970 re
1240 1902 1316 1992 ipsa

208 2003 411 2072 convivaein
427 2001 550 2093 nuptiis
566 2001 669 2070 Pelei
696 2002 803 2070 Error
817 2002 959 2071 fortasse
975 2027 1017 2072 ex
1034 2026 1076 2071 eo
1091 2012 1199 2087 natus,
1221 2005 1320 2091 quod

128 2158 130 2163 -
211 2109 246 2176 in
268 2105 494 2196 antiquissimo
513 2103 631 2173 codice
647 2106 810 2197 scriptum
824 2113 897 2173 erat
920 2111 993 2178 οῖσι
1007 2107 1096 2198 με’ν,
1124 2108 1247 2175 omissa
1262 2108 1316 2175 lit-

210 2218 282 2280 tera
300 2209 433 2297 initiali,
459 2230 546 2297 quae
563 2217 599 2275 ut
614 2209 647 2276 in
662 2208 765 2301 ipsius
780 2209 975 2277 narrationis
1001 2209 1139 2278 exordio
1161 2219 1241 2303 post
1259 2234 1316 2279 es·

122 2304 125 2308 ’
208 2322 259 2383 set
273 2313 377 2381 rubro
391 2309 573 2403 pingenda.

312 2417 350 2482 lu
364 2413 613 2482 enumeratione
627 2412 788 2501 deorum,
812 2415 869 2502 qui
884 2414 1017 2505 nuptias
1037 2414 1193 2484 Thetidis
1210 2440 1314 2510 prae-

208 2519 312 2587 sentia
325 2540 385 2586 sua
399 2514 598 2602 ornaverint,
624 2515 793 2605 quaedam
807 2526 976 2608 corrupta,
1003 2517 1066 2586 alia
1081 2520 1213 2590 turbata
1226 2530 1315 2591 sunt.

138 2646 141 2650 ·
208 2620 314 2707 Quod
327 2643 358 2688 v.
377 2619 437 2688 23.
456 2619 597 2712 legitur,

159 2781 208 2850 1⁰
311 2795 348 2864 ἐκ
366 2790 404 2864 δὲ
419 2783 672 2882 μελισσήεντος
686 2784 941 2883 ἀντισουμένων
955 2787 1147 2870 Ἐλικοίνοε

311 2887 499 2967 Μουσείων
517 2884 721 2986 λιγύφωνον
741 2889 837 2984 ἄγων
853 2886 965 2989 χορον
979 2889 1094 2989 ἦλθεν
1107 2887 1311 2980 Ἀπόλλων,

141 3071 143 3075 ”
208 3067 387 3132 correctori
414 3064 572 3159 debetur:
600 3060 660 3128 sed
688 3061 732 3138 is,
765 3071 801 3128 ut
825 3064 1023 3152 oportebat,
1061 3067 1310 3158 ἐπεσσομένων
1428 3119 1432 3127 ,

207 3168 402 3259 scripserat,
428 3165 521 3254 quod
540 3173 590 3231 est
613 3165 647 3230 in
674 3161 749 3231 cod.
771 3163 883 3235 Goth:
927 3166 995 3233 Pro
1021 3189 1061 3233 ea
1079 3189 1164 3234 voce
1188 3169 1310 3260 geuui-

108 3348 113 3355 ,
207 3293 285 3339 nam
305 3271 504 3361 scripturam
525 3266 618 3334 dedit
636 3266 745 3334 codex
762 3265 850 3335 Mul.
871 3262 938 3339 ἄνι’
956 3261 1126 3359 εὐόδμου.
1177 3271 1309 3337 Eami-

206 3396 281 3442 rum
305 3382 439 3441 estnec
459 3371 641 3452 lulianum,
666 3370 723 3460 qui
737 3370 946 3439 Nicandrum
963 3371 1067 3440 Ther.
1089 3370 1150 3444 ll.
1171 3374 1309 3463 eiusque

207 3476 409 3545 scholiasten
426 3474 581 3561 attulerit,
608 3497 670 3541 uec
686 3495 861 3541 censorem
882 3474 952 3541 eius
969 3472 1306 3567 Heidelbergensem

207 3580 264 3670 qui
288 3577 537 3647 adnotationem
562 3576 678 3643 Iuliani
700 3577 906 3663 tractaverit,
931 3576 979 3643 uti
1005 3577 1148 3648 scivisse.
1199 3580 1307 3648 Aliter

207 3673 364 3750 vidissedt
379 3671 650 3772 Μελισσήεντος
671 3677 738 3744 1οοί
754 3678 788 3744 in
808 3679 972 3747 Helicone
985 3702 1117 3746 nomen
1133 3704 1207 3752 esse
1221 3706 1305 3774 pro-

122 3856 125 3861 ,
205 3785 325 3875 prium.
377 3783 439 3852 llis
455 3781 605 3849 versibus
620 3779 817 3849 subiiciendi
837 3789 915 3850 sunt
929 3803 960 3881 r.
981 3780 1040 3849 39.
1057 3781 1118 3853 4⁰.

176 4047 180 4054 Ι
308 3951 483 4047 χρυσείοις
501 3947 536 4024 δ’
551 3947 728 4046 ἑκάτερθε
747 3944 1008 4042 τινασσόμενος
1024 3947 1246 4044 πλοκάμοισι

307 4047 440 4148 βότρυς
454 4045 690 4150 ᾰκιρσιιιόμης
702 4046 857 4166 Ζεφύρῳ
875 4053 1105 4149 στυφελίζετο
1121 4056 1252 4156 χαίτης.

207 4225 276 4310 Qui
292 4247 361 4314 quo
374 4223 446 4291 iure
463 4223 668 4315 aplerisque
682 4223 728 4292 ad
748 4223 925 4293 Bacchum
948 4223 1043 4294 relati
1058 4225 1142 4314 sint,
1169 4248 1236 4294 non
1250 4227 1304 4294 iu-
1378 4204 1390 4242 ᾗ
