2918 4890
556 282 641 346 nin.
665 284 688 348 1.
734 283 832 343 caP.
854 285 885 347 l.

579 621 582 625 ⁴
696 577 755 650 lv.

367 715 451 798 De
502 729 1085 802 constructione.

274 881 430 950 construi
446 883 583 953 dicimus
600 888 721 972 verba,
748 908 836 976 quae
850 886 1026 954 coniuncta
1045 884 1182 976 plenam
1198 905 1276 952 sen·

168 983 306 1054 tentiam
330 987 489 1055 efficiunt
541 990 639 1056 Nunc
665 990 851 1081 particulae
879 988 925 1061 ἄν
953 997 987 1055 et
1006 989 1085 1075 κε’κ,
1118 987 1276 1076 quoniam

71 1114 79 1137 τ
169 1089 365 1157 conditionis
383 1091 659 1181 sigrdlicationem
676 1094 859 1178 continent,
885 1091 989 1158 verbo
1003 1089 1140 1180 quidem
1161 1110 1276 1156 carere

167 1185 333 1282 nusquam
351 1203 508 1284 possunt:
531 1218 610 1262 nam
626 1195 731 1262 sicubi
743 1194 839 1263 deest
853 1193 1004 1279 verbum,
1023 1191 1277 1283 intelligendum

168 1305 240 1363 est:
259 1295 379 1363 modos
397 1305 510 1364 autem
530 1297 724 1386 formasque
739 1298 834 1366 verbi
849 1295 1025 1363 admittunt
1042 1316 1176 1380 omnes,
1198 1294 1278 1383 quia

167 1399 203 1466 in
222 1400 376 1467 omnibus
393 1400 557 1469 accedere
578 1410 692 1492 potest
715 1399 911 1468 conditionis
929 1398 1065 1470 notatio.
1118 1396 1190 1466 Sed
1209 1417 1277 1464 nou

168 1524 247 1568 cum
261 1502 413 1569 omnibns
429 1512 542 1571 tamen
559 1506 651 1572 solae
659 1526 724 1596 per
738 1527 775 1572 se
789 1501 934 1572 construi
947 1501 981 1568 iu
993 1523 1036 1569 eo
1051 1499 1189 1591 quidem
1203 1521 1277 1567 ser·

167 1627 270 1672 mone
298 1614 453 1697 possunt,
486 1608 544 1696 qui
570 1607 725 1699 deposita
749 1607 852 1698 prisci
871 1604 1032 1695 temporis
1061 1603 1276 1671 fluctuatione

169 1717 278 1776 certas
295 1709 495 1777 esedicendi
514 1711 609 1802 leges
626 1718 797 1801 sequutus.
845 1709 964 1798 ltaque
978 1715 1070 1776 recte
1085 1706 1176 1774 dicas
1191 1727 1276 1773 con-2

162 1811 251 1878 *strui
274 1809 320 1883 ἄν
349 1835 427 1878 curn
447 1811 642 1901 indicativo,
672 1815 840 1905 optativo,
871 1809 1068 1903 participio,
1100 1806 1274 1895 infinitivo,

167 1921 206 2006 ut
222 1914 343 2004 ἔλεγον
367 1912 429 1992 ἄν,
457 1912 598 2008 λέγοιμ’
623 1913 691 1995 ἄν,
717 1918 828 2006 λέγων
852 1912 919 2002 ἄν,
960 1915 1075 2003 λέγειν
1099 1909 1165 1983 ἄν·
1204 1932 1274 1979 nou

169 2025 281 2083 autem
293 2016 402 2106 possis
420 2017 534 2086 (licere
552 2018 639 2087 solas
656 2041 770 2110 perse
789 2039 867 2084 cum
883 2014 1092 2084 coniunctivo
1112 2013 1274 2082 construit
1298 2074 1302 2084 .

168 2141 280 2207 neque
297 2119 384 2189 enim
398 2123 480 2217 λέγῃ
496 2119 542 2195 ἄν
562 2121 628 2189 dici
639 2122 734 2190 licet:
760 2141 965 2208 quamquam
980 2115 1018 2196 ὃς
1033 2112 1079 2187 ἄν
1093 2116 1164 2184 iure
1178 2115 1274 2183 dice-

169 2244 244 2290 mus
266 2244 343 2288 curn
360 2223 418 2289 illo
435 2224 581 2292 c'onstrui
597 2225 691 2292 verbi
706 2222 820 2292 modo.
871 2223 972 2290 Patet
991 2227 1103 2286 autern
1124 2217 1206 2308 quid
1219 2218 1274 2284 in·

168 2325 272 2392 tersit
323 2325 412 2392 Nam
426 2326 547 2394 modus
561 2327 672 2413 verbi,
699 2347 846 2416 quocum
858 2323 933 2416 ipsa
950 2344 1015 2414 per
1030 2343 1066 2389 se
1088 2329 1276 2389 constructa
1297 2372 1300 2379 .

170 2435 221 2495 est
235 2428 400 2518 particula
417 2425 479 2509 ἄν,
506 2430 605 2498 aliam
618 2431 692 2498 eius
706 2429 898 2498 accessione
918 2432 1121 2519 potestatem
1142 2423 1274 2514 accipit.

170 2529 274 2599 Aliud
295 2539 345 2598 est
365 2531 455 2598 enlm
476 2532 597 2626 ἔλεγον
625 2530 687 2612 ἄν,
716 2555 817 2621 quam
835 2531 973 2623 ἔλεγον·
1006 2528 1109 2597 etsie
1131 2534 1275 2612 caetera,
1297 2588 1299 2593 .

170 2656 259 2723 quae
273 2634 449 2704 attulimus.
488 2635 529 2702 ln
552 2636 752 2704 coniunctivi
775 2643 888 2703 autem
908 2639 1077 2723 potestate
1094 2630 1175 2698 nihil
1197 2651 1275 2698 mu-

169 2746 278 2823 tatur,
305 2738 374 2804 sive
392 2737 533 2805 accedat
555 2735 623 2827 dv,
650 2739 719 2807 sive
743 2761 811 2806 non
832 2735 992 2804 accedatt
1014 2742 1169 2803 ‚mutatur
1192 2753 1275 2800 vero

169 2849 320 2932 potestas
345 2840 432 2908 illius
460 2841 635 2928 vocabuli,
668 2842 722 2909 oui
749 2841 922 2909 adiunctus
948 2846 1001 2906 est
1031 2835 1282 2927 coniunctivustl

170 2966 249 3012 uam
265 2934 348 3039 ε’ᾰκ,
374 2940 487 3024 ὅταν,
513 2942 552 3024 ὃς
567 2942 613 3017 du
627 2944 726 3014 aliam
740 2945 809 3013 vim
827 2941 973 3028 habent,
1000 2960 1102 3029 quam
1120 2940 1170 3027 εἴ,
1198 2933 1275 3024 ὅτε,

172 3043 222 3125 ὅς.
262 3045 379 3135 ltaque
392 3068 462 3112 non
478 3043 524 3119 oio
537 3045 717 3116 dicendum
733 3054 784 3116 est
800 3067 878 3115 cum
892 3041 1100 3136 coniunctim
1119 3039 1274 3126 construi,

172 3147 234 3217 sed
256 3170 358 3216 voces
378 3149 468 3235 illas,
494 3151 614 3239 quibus
636 3151 831 3218 adiunctum
854 3156 905 3217 est
928 3144 983 3218 ἄν.
1032 3144 1087 3212 Ex
1108 3141 1160 3212 his
1187 3143 1276 3210 enim

170 3250 300 3344 pendet
316 3251 553 3339 coniunctivus,
579 3255 680 3322 etiarn
693 3255 719 3322 si
734 3259 868 3320 careant
879 3247 1043 3345 particula
1059 3247 1125 3315 illa.
1165 3243 1276 3335 ldqua
1359 3296 1360 3300 ,

173 3355 271 3422 etiam
284 3354 354 3422 aliis
368 3357 571 3446 argumentis
589 3357 821 3449 cognoscitur,
848 3362 882 3422 et
897 3353 1044 3445 primum
1063 3348 1200 3439 quidem
1222 3369 1282 3434 eo„

171 3457 266 3546 quod
281 3457 387 3525 multa
401 3459 563 3527 eiusmodi
584 3460 749 3528 vocabula
775 3480 853 3525 cum
866 3455 1031 3548 particula
1051 3454 1107 3521 illa
1124 3453 1158 3520 in
1173 3473 1276 3519 unam

171 3583 291 3629 vocem
305 3561 520 3648 coaluerunt,
542 3571 579 3631 ut
592 3559 684 3635 ὅταν
691 3615 706 3651 ,
730 3553 871 3633 ὁπόταν
880 3611 895 3648 ,
921 3551 995 3636 ἐάν,
1022 3547 1145 3643 ἐπεάν,
1172 3558 1275 3627 ἐκκι-

173 3657 250 3748 tolo,
277 3673 311 3732 et
322 3664 449 3732 Dorica
463 3667 560 3756 αἴκα,
587 3662 695 3738 ὅκκα·
719 3662 842 3732 deinde
864 3684 884 3729 e
909 3660 1128 3728 collocatione
1149 3658 1274 3725 verbo-

171 3787 382 3856 rum,(quae
404 3790 540 3859 semper
560 3767 760 3860 particulam
782 3765 844 3833 illis
869 3763 1060 3847 vocabulis,
1092 3782 1275 3850 numquam

172 3870 277 3936 verbo
292 3869 437 3962 colligat
489 3872 567 3939 Non
591 3871 680 3938 enim
702 3866 916 3960 dicipotest‚
939 3863 977 3946 ὃς
996 3864 1077 3959 λέγῃ
1097 3860 1153 3937 ἄν.
1205 3861 1277 3932 Sed
1322 3912 1334 3945 ·,
1361 3896 1364 3901 ·

171 3970 266 4060 quod
284 3972 320 4040 in
337 3974 563 4059 coniunctivo,
589 3972 681 4041 idem
697 3995 800 4063 saepe
814 3971 914 4039 etiam
928 3968 962 4035 in
974 3966 1044 4035 aliis
1061 3965 1155 4034 verbi
1167 3965 1276 4034 modis

172 4073 303 4162 accidit,
325 4084 363 4143 ut
376 4098 453 4143 cum
462 4076 500 4144 iis
514 4098 583 4144 non
597 4075 761 4167 particula
774 4072 832 4164 do,
857 4070 919 4141 sed
933 4071 997 4138 alia
1007 4091 1073 4138 vox
1087 4068 1288 4136 adiunctam.
1325 4146 1327 4151 ¹

171 4176 302 4247 habens
318 4179 409 4248 illam
425 4178 623 4270 particulam
640 4185 857 4247 construatur.
906 4172 950 4242 ld
967 4171 1171 4241 monendum
1186 4168 1276 4237 iudi-

173 4280 247 4347 cavi
261 4289 456 4373 propterca,
482 4281 694 4372 quodquam
708 4280 790 4350 mihi
807 4279 842 4349 in
856 4276 1054 4372 explicando
1069 4297 1131 4348 usu
1144 4272 1275 4342 illarum
