2918 4890
185 265 250 330 186
522 257 580 319 DE
615 251 893 318 uau'rlcvua
917 248 962 318 dv

190 474 258 546 que
276 458 315 520 ut
338 442 383 522 roi
406 448 505 535 iliud,
532 472 600 539 quo
620 449 725 518 hodie
750 429 890 517 utuntur
908 445 1050 530 Graeci,
1066 445 1179 513 ¹ueluti
1200 444 1304 537 pestis

191 554 360 648 quaedam
377 553 564 621 universam
580 553 714 645 liuguae
728 555 893 620 rationem
907 558 1148 640 corrumperet.

294 655 366 724 Sed
386 657 554 725 mittamus
568 655 653 739 hoc,
676 656 770 745 quod
794 663 975 744 corruptae
998 653 1151 720 dictionis
1175 661 1245 736 est,
1273 661 1307 720 et

193 782 333 853 agamus
355 760 422 827 iam
446 757 501 846 id,
535 759 629 849 quod
650 759 707 827 hic
728 760 821 827 locus
847 759 910 826 sibi
931 757 1095 848 postulat,
1125 764 1163 821 ut
1192 765 1305 823 osten-

193 865 329 947 damur,
357 885 417 930 cur
438 884 505 930 nou
525 862 655 929 dicatur
669 857 718 934 ἵν’
742 860 805 952 ἄν,
831 861 890 928 ubi
910 870 950 929 ut
968 857 1224 952 significandum
1248 867 1304 928 est.
1432 948 1437 952 -

193 967 308 1036 Posita
326 974 376 1034 est
397 964 496 1032 huius
515 967 566 1032 rei
580 967 665 1033 ratio
688 965 723 1031 in
740 987 800 1052 eo,
827 963 922 1053 quod
943 970 1001 1035 ἵνα
1022 963 1164 1054 proprie
1183 960 1244 1029 ubi
1259 963 1304 1029 si-

195 1071 344 1164 guificat
396 1067 437 1137 ld
453 1070 540 1136 enim
561 1069 639 1158 quia
656 1077 772 1136 natura
792 1089 851 1134 sua
872 1065 1045 1134 definitum
1065 1074 1132 1149 est,
1161 1075 1195 1132 ct
1214 1065 1257 1132 ad
1269 1063 1306 1131 id

195 1174 332 1266 ipsum,
359 1172 403 1240 de
424 1195 493 1260 quo
509 1195 619 1240 sermo
635 1181 702 1258 est,
728 1170 890 1256 refertur,
916 1169 1023 1236 areeri
1040 1168 1187 1258 postulat
1203 1169 1305 1260 parti-

162 1329 164 1334 .
197 1276 307 1346 culam
324 1273 390 1362 ἄν,
415 1284 452 1342 ut
467 1299 555 1364 quae
570 1298 643 1343 rem
660 1297 735 1342 eam
752 1275 911 1341 incertam
928 1281 962 1340 ct
983 1270 1120 1338 dubiam
1135 1271 1306 1338 redditura

197 1387 295 1450 esset.
347 1377 516 1467 Exemplo
531 1377 566 1445 id
580 1379 719 1469 pianum
738 1378 807 1445 fiet.
861 1371 980 1471 Δεῦρ’
1003 1369 1085 1446 ἔλθ’
1111 1381 1169 1445 ἵνα
1186 1368 1305 1468 κλάῃς,

197 1480 379 1573 siproprie
390 1481 667 1572 interpretamur,
694 1488 745 1547 est
755 1480 827 1547 huc
842 1479 939 1564 veui,
959 1475 1020 1544 ubi
1035 1474 1227 1545 verberari
1244 1478 1307 1543 dc-

198 1581 303 1669 beaa,
329 1604 396 1650 nou
415 1605 483 1670 quo
503 1583 587 1650 illud
607 1581 668 1650 ubi
688 1582 734 1649 ad
755 1582 826 1649 huc
840 1582 1018 1667 referatur,
1045 1580 1107 1648 sed
1123 1581 1201 1668 quia
1227 1602 1306 1668 spc-

199 1692 268 1753 otat
287 1682 332 1752 ad
350 1692 457 1751 totum
472 1684 556 1751 illud
574 1685 645 1754 huc
661 1683 752 1768 veui,
778 1685 800 1756 i.
822 1707 850 1751 e.
867 1684 901 1750 in
922 1706 990 1772 qua
1010 1706 1065 1769 re,
1091 1684 1126 1749 iu
1144 1681 1308 1749 veniendo

197 1785 276 1857 hue.
330 1786 388 1854 Sic
405 1780 545 1881 ururoir
559 1792 593 1869 ἐς
608 1783 711 1878 οἶδμ’
728 1780 813 1866 οἱλός
828 1781 992 1880 μεθῆχ’,
1022 1781 1070 1856 ἵν’
1088 1778 1198 1865 αὐτος
1218 1809 1308 1877 χρα-

199 1881 266 1961 udr
285 1891 323 1961 ἐν
343 1882 469 1981 δόμοις
484 1890 567 1987 ἔχῃ,
593 1889 627 1958 in
648 1912 741 1958 mare
758 1889 923 1981 proiecit,
949 1885 1027 1973 ubi,
1047 1887 1075 1959 ·i.
1092 1910 1121 1954 e.
1147 1887 1180 1953 in
1203 1887 1309 1977 proii-

202 1989 324 2058 ciendo
352 2013 516 2082 corpore,
542 1994 620 2086 ipse
642 2001 763 2063 servet
787 2013 939 2075 aurum,
967 1989 1061 2080 quod
1079 1989 1186 2080 possis
1210 1991 1310 2056 etiam

201 2092 315 2177 dicere
329 2093 367 2163 iu
383 2117 457 2186 qua
474 2116 527 2181 re,
552 2098 608 2164 vel
623 2119 697 2190 qua
710 2118 761 2166 re.
793 2095 881 2163 Eam
898 2117 972 2162 rem
985 2101 1098 2162 autem
1108 2099 1204 2184 patet
1220 2116 1310 2160 sem-

199 2218 265 2288 per
293 2207 419 2265 certam
442 2222 531 2267 esse:
558 2209 609 2268 est
629 2202 716 2268 enim
735 2198 819 2267 iliud
839 2199 971 2292 ipsum,
1005 2220 1074 2286 quo
1097 2218 1216 2263 caussa
1240 2197 1309 2263 cius

200 2299 295 2390 quod
317 2301 532 2369 efficiendum
551 2311 602 2371 est
624 2304 821 2375 continetur.
875 2301 980 2387 Quod
995 2301 1022 2368 si
1041 2295 1091 2372 ἵν’
1104 2298 1149 2372 ἄν
1172 2298 1311 2386 dicerer,

201 2413 290 2470 esset
305 2403 341 2470 id
355 2403 392 2471 iu
408 2426 454 2472 εα
473 2427 532 2493 re,
560 2405 592 2473 si
606 2429 652 2474 eu
669 2407 706 2474 iu
718 2427 781 2494 re,
807 2406 893 2472 sicut
915 2404 953 2485 ὃς
973 2403 1019 2476 οἷν
1041 2411 1092 2470 cst
1113 2402 1191 2494 qui,
1219 2403 1251 2470 oi
1269 2402 1312 2485 io,

202 2505 296 2595 quod
310 2513 360 2572 est
376 2505 588 2597 quicumque
602 2508 657 2575 vel
673 2507 845 2600 quiaquia.
881 2507 987 2594 Atqui
1001 2507 1049 2572 sic
1062 2505 1156 2593 quod
1170 2528 1235 2594 per
1249 2506 1312 2571 ali-

201 2629 304 2697 quam
319 2630 393 2674 rem
408 2609 499 2677 effici
520 2609 703 2695 diceretur,
729 2609 827 2677 simul
851 2631 919 2675 non
939 2607 1112 2700 perhanc
1134 2629 1224 2690 rem,
1252 2608 1313 2675 sed

200 2733 267 2803 per
280 2713 430 2800 quamvis
446 2713 545 2780 aliam
560 2713 804 2807 significaretur
818 2711 925 2799 effici,
952 2733 1062 2800 coque
1077 2709 1205 2801 periret
1218 2710 1312 2798 iilud,

200 2813 381 2904 quoderat
402 2816 593 2899 dicendum,
621 2840 768 2910 quare,
793 2818 814 2884 i.
832 2823 933 2901 eut,
959 2814 1033 2899 vel,
1050 2822 1089 2880 ut
1102 2834 1241 2904 prorsus
1266 2813 1312 2880 si·
1381 2845 1382 2848 ¹

200 2918 272 2985 mili
294 2919 460 2987 vocabulo
483 2920 643 3007 reddam,
678 2943 756 3012 quo.
808 2919 849 2987 Id
871 2918 927 2986 vel
949 2917 1092 2991 maxime
1114 2917 1259 2983 cernitur
1280 2917 1314 2982 in

201 3021 241 3088 iis
272 3043 360 3109 quae
393 3023 502 3090 obiter
524 3023 730 3091 adiiciuntur.
771 3021 931 3112 Xenoph.
956 3021 1076 3112 Symp.
1105 3017 1147 3106 2,
1177 3017 1237 3087 26.
1270 3018 1314 3112 ἢν

203 3121 242 3196 δὲ
266 3120 353 3218 ἡμῖν
376 3129 414 3195 οἱ
442 3129 566 3205 παῖδες
591 3131 737 3220 μικραῖς
763 3117 876 3206 κύλιξι
897 3116 1014 3195 πυκνοῖ
1039 3115 1313 3216 ἑνιιψενοῖζωσιν,

204 3231 265 3297 ἵνα
278 3223 338 3295 καὶ
358 3219 426 3318 a’yoi
444 3231 481 3300 ἑν
502 3227 691 3325 Γοργείοις
713 3220 872 3324 ῥήμασιν
890 3228 996 3309 εἴπω,
1024 3222 1137 3307 οὕτως
1154 3222 1198 3296 ori
1223 3234 1313 3319 βια-

203 3325 351 3420 ζόμενοι
380 3322 455 3401 riud
480 3330 548 3402 rori
572 3334 674 3404 οἴνου
698 3324 877 3424 μεθύειν,
917 3325 999 3400 ἀλλ’
1023 3323 1315 3421 ἀναπειθόμενοι

203 3424 293 3525 προς
306 3422 353 3502 ἰα’
365 3435 691 3528 παιγνιωδέστερον
703 3425 926 3526 ἀφιξόμεθα.
978 3432 1005 3505 Ι.
1024 3455 1054 3499 e.
1071 3433 1210 3522 proprie
1226 3452 1315 3499 uum

118 3607 120 3611 ,
204 3533 238 3601 ai
246 3533 355 3626 pueri
370 3531 473 3604 uobis
485 3536 618 3628 porois
641 3534 818 3604 culicibus
840 3557 973 3628 saepe,
1000 3531 1061 3603 udi
1082 3556 1153 3626 ego
1177 3556 1316 3626 quoque

156 3651 159 3655 “
207 3635 607 3735 Gorgeuoocedixero,
622 3639 795 3708 irrorent.
821 3641 977 3730 Apparet
987 3635 1134 3705 hocfere
1142 3637 1233 3706 idem
1243 3660 1315 3705 csse

203 3748 305 3829 atque
326 3737 405 3827 udi,
424 3742 485 3812 ie.
501 3742 533 3811 ai
549 3741 638 3811 mihi
654 3741 801 3810 licuerit
820 3740 977 3833 Gorgeu
992 3760 1079 3808 voce
1096 3740 1158 3808 uti.
1192 3742 1316 3831 Longe

204 3842 304 3909 aliam
324 3866 407 3912 vero
427 3845 667 3937 particularum
688 3842 733 3923 cic
754 3852 788 3911 et
809 3839 1087 3923 decertationem
1113 3867 1187 3912 esse
1211 3852 1315 3934 patet.

203 3944 281 4013 Hae
302 3946 391 4013 euim
411 3957 529 4016 natura
552 3970 612 4017 sua
628 3947 673 4015 ad
692 3946 747 4032 id,
774 3945 868 4034 quod
893 3955 1009 4036 potest
1032 3947 1132 4014 etiam
1152 3947 1316 4015 incertum

85 4084 88 4101 =
205 4068 296 4131 esse,
322 4047 534 4139 referuntur,
568 4051 717 4140 ideoque
741 4048 921 4116 admittunt
944 4050 1145 4141 particulam
1164 4048 1220 4123 ἄν.
1250 4049 1318 4116 'Vt

89 4191 90 4194 π
204 4145 300 4230 ὅπως
316 4147 362 4223 οἷν
385 4153 500 4247 εἰδῇς,
528 4154 622 4245 quod
638 4162 689 4223 est
702 4151 770 4222 toti
786 4151 948 4244 quodam
962 4155 1072 4224 modo
1089 4175 1158 4248 quo
1177 4174 1317 4247 coguo-

204 4274 292 4324 scus
309 4253 365 4322 vel
380 4258 648 4348 quoquomodo
666 4277 880 4351 cognoscor.
