2918 4890
428 334 723 398 INGREDIBILIVM
744 336 855 399 LIBER
879 339 1029 404 PRIMVS.
1215 341 1281 406 333

279 522 340 596 lx.
379 522 559 652 Dionysius
581 548 617 618 p.
633 523 727 609 237,
754 524 813 598 ll.
841 526 900 600 ναὶ
919 522 1009 625 nocie
1028 523 1141 610 λύπας
1162 555 1204 603 το
1221 527 1281 603 καὶ

179 625 328 749 δοςχορῆ
354 619 404 699 τοὶ
428 630 468 700 ἐν
494 627 548 724 τῷ
570 620 643 724 βίῳ
671 621 787 722 γοέμος
818 626 1102 726 χρησιμώτατος
1152 632 1191 700 Ρ.
1215 631 1276 700 20.

178 722 302 816 ‚noio
337 727 373 797 V.
402 728 538 800 Melius
558 729 662 801 obest
683 731 874 802 articulos.
883 737 905 774 ‘⁶
955 733 1036 826 Ego
1052 735 1278 802 necessarium

179 852 252 900 esse
266 832 511 920 existimabam,
538 836 617 924 quia
637 856 705 902 uon
728 835 865 903 infinite
872 837 985 926 aliqua
1003 837 1256 906 incommoda
1232 860 1278 905 sr-

177 936 434 1027 gnificarentur.
473 937 585 1026 itaque
618 939 673 1006 vel
702 938 898 1015 addendum
927 940 1052 1009 codicis
1082 941 1278 1009 auctoritate

178 1061 268 1124 esse,
294 1039 366 1125 vel,
393 1038 421 1106 si
438 1040 533 1130 prior
546 1041 603 1108 ilie
624 1040 800 1128 articulus,
827 1042 884 1130 qui
902 1042 946 1110 ad
965 1036 1077 1124 λύπας
1100 1043 1277 1133 oppositus

177 1150 245 1224 est,
271 1141 371 1208 etiam
396 1141 440 1208 ad
465 1142 613 1240 δυςχερῆ
635 1143 836 1230 referretur,
862 1167 929 1212 nou
954 1153 1048 1214 recte
1071 1144 1137 1213 dici
1159 1145 1277 1214 melius

176 1242 294 1313 abesse
310 1244 493 1312 articulum.

276 1415 319 1484 X.
359 1415 398 1482 P.
426 1411 486 1485 23.
530 1414 655 1502 „Post
680 1410 945 1502 α’νανεᾶζοοθαν
974 1409 1090 1490 airon
1115 1414 1276 1509 Sylbur-

174 1516 263 1610 gine
294 1522 395 1589 ποιοῖ
415 1515 628 1586 desiderat:
659 1541 726 1586 nec
748 1519 863 1588 ualde
886 1541 1105 1612 repngm,
1139 1521 1172 1589 ei
1196 1522 1276 1612 qnia

173 1620 245 1688 hoc
270 1617 420 1688 verbum
449 1619 629 1689 excidisse
655 1623 863 1692 contendat.
924 1623 1116 1707 Leniorem
1141 1631 1275 1705 tomen,

142 1731 146 1739 '
175 1723 335 1817 opinor,
351 1723 561 1791 admoveris
578 1725 800 1794 medicinam
816 1718 1021 1817 pronicio
1038 1723 1202 1795 scribens
1217 1730 1275 1798 ai-

174 1832 287 1899 τιονι
289 1825 503 1916 ‘Dionysii
527 1827 630 1895 verba
652 1837 786 1950 suntp:
808 1826 894 1900 238.
922 1851 949 1900 s.
985 1823 1066 1900 εἶτα
1088 1831 1275 1902 διατυπο-

173 1928 259 2000 τέον
285 1921 378 2020 λόγῳ
412 1927 493 2000 οἷον
514 1953 852 2025 προαναφωνοοντα
886 1927 1010 2008 ὁποῖος
1034 1928 1080 2001 ἄν
1103 1927 1125 2002 o‘
1146 1928 1275 2022 βίος
1254 1958 1274 2001 ο

171 2056 269 2121 μιτα
284 2030 356 2102 τοῖν
372 2028 511 2102 παίδων
530 2032 693 2122 γένοιτο,
720 2029 781 2104 ὅτι
800 2025 1046 2126 τὲρπνότατος
1064 2025 1172 2151 χοροῖς
1190 2032 1276 2104 παί-

173 2134 265 2222 δον,
293 2135 329 2204 εἰ
345 2133 511 2223 γένοιτο,
546 2129 704 2226 ὁρῶντι,
739 2131 798 2204 ναὶ
819 2131 877 2205 ὅτι
893 2127 1034 2256 τρόπον
1049 2125 1136 2205 conci
1157 2138 1193 2216 ἐξ
1209 2131 1275 2227 α’(ι-

173 2232 234 2331 χῆς
262 2226 531 2318 οἷνανιοίζεσθαι
559 2227 675 2306 αὐτον
698 2263 758 2307 ναι
785 2228 1001 2332 α’νηβοῖονιιν
1027 2226 1092 2307 otio
1110 2241 1187 2315 τοῖς
1208 2232 1274 2306 oo’-
1380 2255 1382 2259 ’

172 2335 243 2454 τοῦ
272 2333 407 2408 παισίν.
467 2332 717 2428 opponebam,
756 2361 866 2427 neque
890 2359 1177 2430 supervacaneum
1202 2361 1275 2405 esse

172 2430 313 2528 ericio,
338 2460 450 2526 neque
477 2439 582 2506 verba
606 2439 820 2508 correctionis
850 2441 1022 2533 indigere,
1053 2439 1132 2529 quia
1157 2437 1216 2513 ὅτι
1240 2441 1275 2508 in

172 2541 321 2609 oratione
342 2540 481 2630 obliqua
497 2549 590 2610 recte
607 2565 684 2612 cum
696 2542 856 2612 infinitivo
870 2544 1125 2612 consociaretur.

274 2710 333 2779 XI.
368 2709 486 2785 Ρ.23
511 2709 745 2805 „Sophocleo
761 2709 932 2781 iiochin
952 2735 984 2784 u.
1004 2707 1115 2781 1235.
1132 2735 1184 2804 sq.

500 2891 522 2960 η
537 2891 605 2958 μοι
623 2860 736 2961 μητρὶ
751 2859 820 2955 μὲν
837 2868 966 2936 θανεῖν
978 2857 1075 2961 μόνη

279 2963 546 3067 μεταίτιος,
573 2964 635 3040 coi
647 2994 670 3040 τ
678 2962 830 3048 αὖθις,
858 2962 903 3047 oie
920 2967 1027 3057 ἔχεις,
1053 2968 1158 3056 ἔχειν

170 3132 248 3220 nbi,
279 3134 350 3203 niet
343 3134 505 3229 satior,
537 3134 789 3206 scribendum.-
815 3161 873 3207 σοι
865 3129 933 3207 ’ἰῖ
949 3128 1068 3214 αὖθις.
1130 3133 1272 3227 Vulgu-

172 3245 248 3304 tum
271 3238 416 3306 enimsi
440 3261 522 3308 cnm
547 3239 789 3332 Hoogeveeno
806 3237 938 3306 Doctr.
961 3235 1070 3305 Part.
1091 3235 1158 3306 Gr.
1185 3236 1222 3305 Τ.
1237 3237 1270 3306 l.

165 3361 204 3432 p.
236 3335 322 3406 65⁴.
363 3339 547 3433 defendas
581 3343 662 3410 loco
697 3340 897 3432 Euripideo
934 3335 1055 3408 Oreet.
1096 3363 1127 3408 v.
1157 3337 1271 3408 1317.

171 3439 301 3532 (1310.
326 3443 383 3510 ed.
410 3444 538 3534 Poro.)
564 3444 658 3513 scito
679 3465 704 3510 a
726 3443 894 3512 Poreono
921 3437 956 3513 δ’
974 3462 1050 3534 pro
1072 3437 1110 3513 τ’
1134 3439 1180 3510 ob
1201 3442 1271 3534 μὲν

164 3544 397 3636 praecedens
430 3547 608 3639 scriptum
637 3552 757 3614 esue.“
815 3546 903 3613 Puto
931 3566 987 3610 me
1008 3544 1163 3612 miratum
1186 3567 1270 3631 esse,

170 3648 264 3737 quod
283 3648 424 3716 Porsoni
446 3650 490 3718 de
516 3671 584 3716 uno
607 3649 685 3717 loco
708 3648 905 3717 sententiam
921 3645 1048 3736 aliquid
1069 3647 1182 3714 valere
1196 3647 1270 3714 vei·
1339 3659 1344 3667 ‘

169 3750 217 3818 iet
237 3749 395 3820 adversus
416 3751 470 3838 id,
495 3750 589 3848 quod
604 3753 745 3820 millenis
759 3760 876 3844 posset
892 3749 1053 3840 exemplis
1069 3749 1320 3820 confirmarilii

168 3852 273 3947 Apud
293 3853 502 3944 Sophoclem
527 3855 664 3945 quidem
693 3877 735 3924 eo
755 3855 863 3924 miuus
886 3875 972 3945 opus
999 3873 1073 3919 esse
1096 3851 1134 3924 δὲ
1158 3853 1268 3940 scribi,

169 3955 263 4045 quod
295 3953 392 4025 huius
426 3959 567 4027 voculae
600 3965 750 4051 potestas
785 3953 1037 4051 quodammodo
1067 3953 1102 4022 in
1135 3953 1268 4024 adiecto

169 4053 280 4139 αὖθις
297 4058 429 4128 inesset

271 4210 347 4282 ΧΠ
386 4211 425 4280 Ρ.
446 4208 507 4278 24.
545 4206 666 4294 ‚ninom
687 4201 741 4303 μή
766 4205 911 4303 ἄψυχον
940 4205 1002 4278 ναὶ
1026 4201 1165 4304 ταύτην
1186 4205 1266 4305 ὁρᾷ.

177 4310 214 4380 V.
236 4311 392 4383 Metione
414 4312 545 4382 ordine
565 4310 798 4382 verborum.“
849 4308 1029 4401 Dionysius
1052 4334 1089 4403 p.
1112 4309 1206 4397 239,
1232 4310 1268 4380 8.

986 4428 1060 4498 22
