2918 4890
184 309 249 374 {dli
434 305 725 367 lncouotolmvn
750 305 862 366 trouu
886 304 1036 367 PRIMVS.

288 493 350 592 γῆς
367 494 531 576 Πέλοπος
555 489 683 568 νόεταν
706 493 764 568 καλ
783 490 989 585 Αχαιΐδος,·
1011 491 1155 570 ὁππότε
1172 492 1310 571 Ποθω

288 597 421 694 ἤλθετε
448 590 689 691 πευσόμενοι,
716 594 761 680 ὥς
786 625 848 670 νεν
874 596 1099 696 πτολίεθρον
1127 603 1252 699 ἕλητε.

188 751 438 842 Addebamque
476 750 636 838 Homeri,
675 750 770 819 haud
798 751 915 844 paullo
955 753 1094 844 potioris
1129 754 1307 846 Apolline

83 924 86 931 ,
189 855 352 941 auctoris,
384 855 539 946 exempla
560 854 736 944 nonnulla,
770 855 891 945 quibus
917 855 1104 925 adducerer
1130 869 1167 926 ut
1196 858 1308 925 istum

190 964 355 1028 canonem
387 980 456 1026 non
485 965 579 1027 recte
612 959 826 1026 constitutum
861 982 936 1027 esse
969 959 1155 1030 crederem.
1228 961 1309 1030 Sed

190 1063 236 1131 de
267 1061 334 1129 hac
363 1084 402 1129 re
432 1083 520 1130 nnnc
551 1060 665 1131 dicere
694 1084 806 1130 serum
838 1070 904 1148 est,
942 1072 1123 1155 postquam
1154 1073 1197 1133 et
1228 1064 1309 1157 ipse

190 1164 412 1251 Schaeferus‚
438 1187 526 1255 quae
546 1163 604 1232 hic
629 1165 826 1258 disputavit,
852 1164 897 1232 ad
920 1165 1082 1258 Sophocl.
1106 1165 1205 1235 Oed.
1225 1167 1309 1236 Col.

191 1266 301 1335 1418.
322 1289 387 1359 pro
409 1269 507 1336 certis
528 1268 790 1358 indubitatisque
810 1267 930 1336 haberi
951 1270 1074 1352 noluit,
1100 1279 1136 1338 et
1149 1293 1229 1364 ego
1247 1294 1310 1338 ra-

188 1371 314 1440 tionem
336 1371 428 1438 illam
451 1371 586 1440 uberius
620 1373 795 1464 explanavi
816 1371 851 1438 in
872 1371 910 1440 iis
935 1395 1023 1462 quae
1045 1373 1091 1441 de
1115 1371 1163 1446 ἄν
1187 1375 1312 1466 parti-

189 1474 265 1542 cula
290 1474 418 1565 scripsi.

289 1624 429 1694 XXXV.
463 1626 504 1698 P.
527 1623 613 1699 loo.
640 1623 807 1714 „Similis
821 1626 1055 1698 soloecismus
1077 1627 1316 1699 eximendus

193 1729 341 1825 Hymos
360 1726 557 1799 Horueaico
577 1728 614 1797 in
637 1729 807 1800 Cererem
831 1753 863 1800 c.
881 1729 968 1806 272.
986 1754 1048 1827 sq.

778 1881 823 1964 σός
849 1882 895 1957 όν
917 1883 1043 1957 ἔπειτα

292 1981 443 2081 εόαγόας
468 1987 650 2083 ἔρδοντες,
676 1979 768 2080 ἐμόν
793 1979 881 2061 νόον
902 1983 1124 2061 ἱλάσκοισθε.

196 2138 358 2233 Corrigo
385 2131 589 2237 ἱλόσνησθε
649 2135 716 2210 Sic
746 2138 931 2210 Homerus
963 2139 1010 2209 Il.
1034 2138 1142 2208 XVI.
1180 2164 1219 2210 v.
1247 2140 1314 2211 84

199 2396 202 2409 1
291 2319 337 2374 ος
362 2289 409 2364 ἄν
434 2317 502 2385 μοι
526 2317 638 2387 τιμην
647 2266 823 2427 μεγάλην
849 2294 910 2368 ναὶ
933 2291 1088 2376 notor*
1062 2319 1190 2391 αρηαε

189 2443 250 2515 ubi
282 2445 331 2513 ολ.
352 2465 555 2538 perperam
585 2440 737 2539 ἄροιο.“
787 2446 896 2516 Huius
929 2470 1033 2537 quem
1065 2447 1148 2516 dicit
1187 2448 1316 2517 soloe-

191 2549 285 2618 cismr
273 2547 428 2637 aliquot
448 2570 491 2616 ex
508 2547 662 2615 Homero
677 2550 833 2642 exempla
847 2549 1051 2640 afferebam,
1076 2573 1238 2640 quornm
1251 2575 1316 2620 sa-

189 2651 231 2720 tis
254 2659 304 2720 est
325 2649 394 2719 hoc
418 2672 522 2718 unum
541 2649 706 2736 adscribi,
733 2650 802 2722 Od
825 2653 867 2721 ll.
890 2650 952 2722 52

293 2809 334 2877 oi
355 2829 493 2899 πατρος
517 2803 586 2895 μὲν
600 2807 643 2924 ,ἐς
666 2799 767 2925 ρῖνον
793 2801 1009 2929 ἀπερρίγασι
1038 2805 1199 2878 νέεσθαι

292 2901 476 3002 Ιναρίοο,
504 2901 608 2986 cice'
628 2899 738 2987 αὐτός
763 2901 980 2980 εεδνοόσαινο
1008 2901 1197 3003 θύγατρα.

190 3059 312 3148 Neque
344 3059 431 3128 enim
457 3059 545 3127 solas
578 3059 777 3149 particulas,
811 3059 873 3128 sed
905 3059 1120 3145 sententiam,
1161 3084 1210 3130 ex
1239 3087 1318 3154 qua

192 3185 306 3231 earum
329 3163 529 3230 constructio
551 3161 735 3253 penderet,
769 3165 913 3254 spectari
939 3163 1065 3232 debere
1090 3162 1318 3237 arbitrabar:

141 3265 288 3356 25quod
306 3266 365 3357 qni
385 3264 531 3353 faceret,
556 3264 818 3348 intellectumm,
844 3289 905 3346 cur
928 3267 963 3334 in
986 3266 1115 3358 hymno
1142 3278 1251 3339 recte
1277 3295 1318 3340 se

192 3367 335 3437 haberet
356 3368 543 3458 optativus,
576 3368 611 3435 iu
629 3367 734 3437 lliade
754 3377 866 3437 autem
889 3369 1115 3438 coniunctivae
1139 3381 1318 3462 praesta-

190 3481 253 3546 ret.
304 3470 393 3539 Nam
413 3469 589 3562 inhymno
612 3469 680 3539 hoc
696 3472 833 3541 dicitur.

242 3620 353 3752 ὄργια
375 3617 409 3695 d
425 3615 519 3711 αότή
547 3617 636 3715 ε’γαόν
659 3618 924 3748 ὑποθήσομαι,
951 3651 996 3705 ως
1020 3621 1066 3696 όν
1087 3606 1228 3699 ἔπειτα

244 3721 395 3818 εὐαγέως
421 3729 618 3823 ἔρδοντες’
600 3718 690 3820 εμόν
708 3720 795 3800 νόον
813 3721 1054 3800 ἱλασνοισθε

192 3877 232 3945 ln
256 3876 361 3944 Iliade
387 3886 515 3947 autema

243 4026 476 4104 πείθεσθ’
448 4059 492 4112 ως
524 4057 586 4150 τηε
612 4034 678 4124 εγω
704 4023 831 4121 μόθον
857 4033 1001 4111 σε”λος
983 4059 1021 4105 εν
1054 4032 1167 4128 φρεσὶ
1196 4031 1320 4132 θείω,
1347 4080 1351 4085 ·

244 4128 289 4213 cic
314 4128 360 4206 ἄν
385 4158 453 4225 μοι
479 4126 591 4229 νιμην
616 4126 775 4229 μεγόλην
800 4161 859 4206 ναν
851 4131 1033 4214 adduc*
1007 4160 1119 4232 αρηαι

243 4227 332 4333 πρός
357 4228 503 4310 πόντων
528 4235 699 4310 Δαναόν.
