2918 4890
190 283 284 364 ass,
372 220 378 231 ⁸
434 226 1044 338 senussrerscrrsssrci.

346 464 548 585 supposes
563 459 703 588 κράμουι
719 463 800 586 qs'xs.
811 456 1012 594 ρυνιξαμάη

296 567 408 667 ἤχθει
426 565 461 640 δ
474 561 681 690 Ερμάβιον
696 594 763 640 κον
776 564 832 640 eise
825 560 966 662 βαρύν
974 620 988 655 ,
1016 561 1100 640 οὐδὲ
1117 564 1300 663 repetatne

218 671 270 742 40
346 665 482 766 ἐχθράν
495 663 651 765 μισήσας
668 664 826 743 τοιάδ’
805 689 966 762 επεμψεν
980 670 1058 765 ἔπη.

297 770 469 868 Λυδῆςδ
483 769 704 864 Ανιίμαχος
718 774 931 893 Λοκηΐδος’
914 799 950 843 εκ
965 771 1070 863 μὲν
1049 792 1180 867 ερωτος

347 874 506 974 πληγείς,
533 873 773 950 Πακτωλοῦ*
751 873 843 972 ριῦμ
849 867 982 972 ’ἐπέβη
997 869 1187 965 ποταμοῦ

196 1180 329 1282 Venetuq
338 1173 467 1242 nviteina
481 1170 584 1263 λάιρι,
604 1177 653 1236 vel
669 1179 770 1262 λωτῷ,
793 1175 855 1236 Pel
869 1170 997 1237 πολλάκι
1014 1166 1118 1254 μιάιιο,
1140 1173 1208 1234 edd.
1226 1177 1299 1236 ιιολ-

195 1263 233 1329 λά
250 1259 382 1350 κιμιάιρι.
426 1263 460 1322 ln
473 1225 617 1341 sequerite
632 1283 721 1322 versu
737 1271 836 1321 sutem
854 1281 957 1319 omnes
972 1259 1161 1340 κνημοιθιίς,
1183 1268 1300 1339 etpost

195 1351 325 1411 Venetus
339 1359 370 1409 et
378 1349 595 1408 Laurentianus
610 1349 672 1422 σίηε
687 1341 871 1426 συνεξαμάη,
895 1346 1044 1406 Palatinus
1057 1365 1124 1402 cum
1139 1343 1208 1406 edd.
1224 1353 1299 1407 vett.

196 1437 259 1516 σίχε
282 1434 459 1514 συνδραμλη.
504 1433 604 1506 Quum
621 1432 813 1491 Mimnermus
835 1431 977 1490 tibicen
969 1451 1033 1510 spse
1049 1429 1199 1488 tibicinam
1215 1450 1301 1488 ama·

194 1520 276 1580 verit
299 1520 420 1592 Nenno,
444 1521 528 1599 λωτῷ
548 1526 631 1575 recte
652 1517 800 1596 scriptum
820 1516 949 1575 videtur.
994 1519 1113 1597 Πολιῷ,
1141 1514 1197 1572 nisi
1219 1515 1300 1574 lorte

196 1605 305 1689 σκολίῳ
318 1603 376 1662 scri
400 1602 452 1677 sit,
475 1601 652 1678 exquisitius
671 1601 783 1660 dictum
803 1601 839 1659 de
855 1602 941 1660 senili
956 1600 1045 1676 tibia,
1067 1578 1102 1658 sit
1105 1559 1213 1684 ,πολιῷ
1226 1604 1301 1681 γυῖα
1319 1635 1322 1647 ·

172 1680 176 1690 ¹
196 1666 292 1767 δεδελς
304 1710 427 1770 καματηο
443 1647 585 1760 l‘haniae,
608 1687 689 1765 quod
704 1686 899 1746 Ruhnkenius
917 1686 1032 1761 attulit,
1054 1686 1085 1743 in
1101 1662 1222 1744 anthol.
1237 1683 1298 1742 Pel.

197 1774 259 1837 vol.
277 1774 301 1836 I.
321 1794 352 1854 p.
372 1776 443 1838 283.
470 1792 515 1850 ep.
536 1769 608 1838 294.
652 1771 728 1831 Vide
755 1791 830 1870 quae
852 1771 914 1830 dixi
940 1771 978 1828 ad
1000 1769 1102 1849 Eurip.
1124 1768 1202 1828 Med.
1225 1771 1299 1835 876.

198 1858 356 1938 Denique'
347 1879 377 1916 ιιι
401 1862 494 1935 στεῖχε
514 1854 729 1926 Ruhnkenius,
758 1858 790 1915 iu
812 1854 1006 1929 συνεξανύειν
1026 1854 1134 1916 incidit
1159 1853 1299 1958 llgepius.

196 1944 323 2022 Elegens
337 1943 393 2002 erit
408 1952 437 2000 et
459 1943 602 2001 sententia
619 1952 650 2002 et
664 1942 776 2018 dictio,
802 1941 827 2000 si
840 1940 1063 2044 scripserimus:
1086 1942 1183 2024 πολιῷ
1201 1931 1233 2001 δ’
1248 1937 1301 2001 teet

196 2023 324 2092 πολλάκι
338 2029 422 2112 λωτῷ
437 2026 593 2106 κημωθεὶς
608 2021 729 2106 κάμους
741 2032 834 2105 στεῖχε
848 2020 1053 2100 συνεξανύειν.
1061 2026 1086 2095 ²)
1134 2001 1301 2104 Κημοιθεὶς

197 2089 534 2216 estpoppeeeiinctus:
555 2112 626 2171 vide
648 2108 1155 2191 schol.Aristopls.aqu.1147
1186 2109 1301 2184 Συνεξ-

197 2195 303 2263 ανάειν
320 2207 437 2275 autem,
456 2197 555 2302 quod
555 2197 732 2256 tibicinam
723 2217 789 2278 ipse
802 2195 876 2255 tibia
896 2216 1004 2255 canens
1022 2194 1214 2273 sequebatur.

281 2287 332 2350 89
357 2281 431 2342 cod.
444 2282 518 2341 Ven
533 2275 589 2360 η’δ’
598 2282 690 2342 babet
710 2291 778 2342 ente
797 2278 907 2360 ἤχθεε,
930 2276 1196 2358 Laurentianussf.
1240 2277 1299 2338 Ca·

196 2368 363 2439 ssubouus‚
386 2385 478 2446 quum
499 2360 555 2446 η’δὲ
580 2366 729 2447 Φέρεκλον
751 2366 841 2425 scribi
860 2367 974 2442 voluit,
1002 2361 1096 2445 ἤχθεε
1117 2363 1240 2423 videtur
1260 2363 1298 2422 ab

97 2470 101 2477 '
196 2448 298 2532 άηθέω
311 2453 469 2510 derivasse
514 2451 554 2508 At
568 2451 601 2509 ιδ
615 2471 707 2528 seque
720 2451 896 2511 inusitatum
913 2461 948 2510 ut
965 2449 1070 2529 ἐχθέιι.
1102 2448 1299 2509 Ruhnkenius
1341 2499 1347 2506 .

196 2537 323 2617 aliique,
344 2534 510 2616 probantes
527 2535 605 2594 illud
627 2536 795 2596 Cesauboni
815 2529 888 2613 η’δέ,
907 2556 945 2596 ne
963 2535 1154 2596 ettenderunt
1176 2534 1299 2642 quideqs

196 2621 234 2681 ed
248 2622 423 2680 insolentem
439 2619 524 2678 verbi
537 2621 672 2681 formem.
691 2621 726 2679 l'u
725 2629 931 2726 pentametro
946 2621 1008 2682 Pal.
1024 2641 1094 2680 cum
1108 2619 1177 2682 edd.
1192 2613 1299 2696 τοιάδ’,

196 2708 284 2768 Leur.
298 2698 433 2781 τοῖσιδ’,
453 2705 525 2765 Ven.
539 2699 734 2769 roluvvels'
751 2729 828 2768 οιαν
873 2706 920 2782 Si,
942 2715 976 2764 ut
991 2727 1048 2785 per
1064 2713 1126 2782 est,
1147 2726 1207 2764 non
1221 2723 1298 2784 pue

195 2791 315 2854 rilitsr
306 2813 337 2850 m
354 2753 510 2850 vocabulis
526 2812 615 2852 sensu
634 2791 804 2851 carentibus
819 2790 940 2866 ludere,
963 2790 1017 2852 sed
1029 2791 1062 2849 id
1082 2811 1226 2869 quaerere
1244 2810 1299 2849 vo-

196 2878 307 2952 lumus,
329 2875 410 2955 quod
422 2875 521 2936 dicere
536 2886 625 2956 poete
640 2877 688 2936 vel
701 2876 836 2957 potuerit
846 2877 896 2935 vel
908 2875 1056 2951 debuerit,
1079 2886 1215 2955 apertum
1233 2895 1299 2935 esse

197 2962 347 3035 arbitror,
368 2960 445 3019 hanc
461 2961 494 3020 iu
512 2962 610 3021 verbis
624 2961 684 3021 illis
704 2960 877 3020 sententiam
898 2962 1027 3040 requiri,
1050 2980 1151 3021 amore
1171 2961 1299 3020 constri-

196 3057 277 3106 ctum
293 3046 395 3105 odium
416 3045 556 3105 abiecisse
578 3046 785 3105 Mimnermum
805 3045 1009 3118 inimicorum,
1031 3067 1099 3105 cum
1115 3046 1225 3124 quibus
1243 3065 1299 3104 an·

195 3141 244 3192 tea
267 3150 372 3209 graves
387 3130 447 3188 iras
465 3131 657 3190 exercuisset.
701 3130 844 3190 Similiter
865 3091 1111 3190 Hermesienex
1101 3152 1133 3189 ιιι
1153 3130 1212 3190 fine
1235 3130 1296 3189 fre-

195 3216 306 3295 gmenti
319 3215 509 3294 Aristippum
519 3217 555 3276 ab
564 3216 662 3275 solitis
673 3215 925 3322 disputationibus
936 3216 1081 3292 refugisse
1089 3215 1171 3278 dicit.
1195 3216 1297 3289 Quare

195 3321 239 3361 uc
251 3300 441 3360 scribendum
456 3301 590 3361 videtur:
613 3296 778 3409 dqp‘lqd',
798 3296 1018 3383 Ἑρμόβιον
983 3325 1037 3363 ιον
1059 3294 1107 3363 ciel
1129 3295 1298 3384 βνρύνιίδὲ

196 3390 350 3468 Φερεκλῆν
377 3381 485 3464 ἐχθρὰν
513 3380 644 3467 μισήσας
668 3381 712 3450 ol'
735 3380 912 3468 άνέιιεμψεν
933 3385 998 3466 ἔπη
1043 3387 1195 3446 Paenituit
1218 3405 1297 3460 eum,

193 3470 308 3551 inquit,
331 3469 511 3546 carminum,
533 3474 633 3551 qualia
655 3472 819 3547 effuderat,
842 3491 935 3551 quum
958 3492 1073 3551 semper
1095 3470 1152 3530 sibi
1173 3490 1296 3549 gravem

195 3554 438 3629 Hermobium,
428 3557 644 3637 inimicumque
659 3556 831 3618 Phereclem
853 3556 922 3616 odio
936 3567 1176 3637 persequeretur.

279 3641 330 3706 41.
357 3640 429 3699 Ven.
453 3650 483 3700 et
508 3643 593 3703 leur.
615 3642 779 3718 Λυσηίδος.
824 3643 884 3705 Pal.
906 3651 935 3701 et
947 3641 1014 3702 edd
1034 3650 1105 3702 vett.
1124 3643 1295 3720 χρυσηΐδος,

194 3725 262 3785 Nou
281 3724 488 3804 improbabilis
502 3726 625 3787 videtur
646 3723 814 3786 Ruhnkenii
829 3725 1020 3802 coniectura,
1043 3727 1219 3785 insolentius
1241 3746 1296 3784 no-

194 3828 262 3873 men
283 3810 392 3888 gentile
404 3812 619 3872 restituendum
633 3811 779 3890 putentis,
799 3806 908 3890 Λάδης
921 3811 1092 3888 Λυδηΐδος,
1116 3811 1155 3871 ob
1170 3811 1296 3872 similem

194 3893 389 3973 Asclepiadae
403 3896 518 3973 locum,
540 3892 631 3978 Λάδη
647 3895 698 3959 καὶ
716 3893 802 3979 γένος
815 3895 876 3976 εἰμλ
891 3895 944 3958 κοιλ
960 3892 1087 4035 οδνομα.

263 4146 783 4233 e)SieiemadOrplr.Argou.1293
803 4147 915 4207 correxi
950 4149 1047 4204 Postea
1065 4146 1143 4202 etiem
1165 4146 1296 4202 Blomfiel

194 4217 254 4358 ρλρρι
267 4219 424 4358 ppflpppplp.
427 4307 447 4342 α
439 4217 588 4358 1,Ιίρριςολιιιιιι
607 4219 676 4288 epod
691 4220 846 4286 Weberuu,
870 4219 1027 4288 κηλωθιὶι,
1050 4215 1165 4286 κώμους
1186 4215 1296 4274 ἔκλυσιν
