2918 4890
572 274 658 336 LIB.
680 275 702 339 Ι.
747 275 840 334 CAP
862 279 911 340 la
1236 279 1284 345 ,66

83 559 86 564 ρ
171 465 350 559 Antiphon
376 489 410 558 p.
431 461 517 534 712.
545 459 587 537 ad
606 459 676 560 ηοῖρ
698 461 832 561 ηδεις
809 493 870 537 οτι
894 460 1045 547 ουέεις
1021 493 1066 538 αν
1081 495 1126 565 ην
1142 492 1218 553 σοι,
1245 467 1283 549 ἐς

70 609 74 617 ·
171 575 310 646 ἐκεινον
333 562 401 642 τόν
423 565 533 664 ὅρκον
559 562 862 660 ἐιομοσοίμενος’
844 567 937 658 εμοῦ
952 562 1286 697 κατεμαρτύρησεν.

171 671 415 764 Dinarchusp.
435 671 496 744 1⁰.
523 665 585 764 ἐφ
601 696 654 749 σος
670 697 733 742 ουκ
751 667 863 743 ned
840 699 916 743 οτι
934 698 1005 744 ποτ
1036 701 1082 745 ον
1098 672 1222 752 εποιει
1251 675 1286 744 εί

171 779 304 873 συνέβη
327 774 596 870 κατορθωσθαι
625 769 725 868 αὐτῷ
752 772 777 843 ἁ
810 768 1099 865 συνεβούλευσεν.
1152 775 1282 843 Demo-

171 879 309 948 sthenes
323 878 369 945 ad
368 877 571 1002 Phaenipp.
588 875 657 946 init.
672 899 709 966 p
724 873 834 961 1638
841 876 925 948 4
890 870 984 972 σιμή
994 903 1064 997 γαρ
1082 904 1188 958 ουτος
1196 904 1282 971 ημιν

171 981 297 1077 σαφολς
310 974 475 1110 διήρισο,
501 1007 539 1050 τι
551 1004 699 1072 πρωτον
723 982 777 1050 δεῖ
796 985 915 1052 ποιεῖν
935 973 1020 1058 τοές
1040 973 1282 1052 ἀντιδεδωκό-

159 1106 240 1165 τας
258 1083 319 1156 καί
335 1111 371 1156 τι
366 1076 576 1178 ’δεύτερον,
601 1108 661 1151 και
654 1078 795 1152 τᾶλλα
814 1078 850 1154 θ
864 1081 1003 1176 ἐφεξής,
1029 1077 1094 1153 οὐκ
1110 1077 1218 1153 ott*
1196 1109 1282 1154 οποι

106 1200 110 1205 ’
163 1184 405 1306 ’προῆλθεν
380 1213 426 1258 αν
444 1182 466 1279 ή
484 1209 634 1257 τουτουι
621 1183 862 1256 *Φαινίππου
880 1177 1011 1276 τόλμα.
1054 1183 1261 1252 Interdum
1237 1213 1283 1257 αν

171 1290 275 1359 etiam
308 1287 526 1383 praecedit
518 1310 552 1354 rn
576 1285 643 1353 hae
677 1286 838 1376 formula,
876 1296 915 1354 nt
941 1287 1034 1380 apud
1060 1287 1257 1355 eumdem
1247 1310 1282 1354 m

171 1393 346 1487 Stepnl.
371 1416 410 1484 p.
428 1389 546 1478 11⁰3,
574 1388 635 1462 2⁰.
664 1415 729 1483 syn
747 1415 817 1486 yap
840 1417 949 1470 αυτος
964 1418 1029 1463 ουκ
1052 1419 1098 1464 αν
1116 1385 1228 1464 οιδ
1206 1418 1282 1464 οτι

171 1491 319 1571 ἄλλο*
285 1522 383 1587 ειχον
406 1492 661 1616 ψηφίσασθαι,
695 1520 767 1564 των
792 1495 1053 1615 πεπραγμένων
1075 1494 1143 1587 μὲν
1171 1494 1282 1592 μηδὲν

171 1594 294 1688 stade,
321 1627 369 1671 τα
360 1591 425 1671 δὲ
445 1588 732 1692 μαρτυροίμενα
749 1589 899 1669 οἷκοέων.

277 1701 350 1771 Sed
364 1702 421 1769 ubi
439 1700 621 1769 sententiae
638 1700 720 1767 istae
741 1722 782 1766 ex
802 1700 867 1767 alia
881 1699 1091 1785 sententia,
1082 1723 1115 1767 m
1132 1723 1199 1790 qua
1214 1701 1282 1768 iam
1359 1714 1363 1721 “

170 1807 257 1875 inest
281 1804 427 1873 conditio
447 1827 517 1872 non
537 1803 694 1895 impleta,
722 1802 889 1894 pendent,
914 1825 982 1870 non
1002 1801 1137 1871 additur
1153 1801 1219 1881 οἷν,
1247 1813 1282 1871 et

169 1918 265 1978 recte
280 1907 427 2000 quidem.
480 1908 570 1975 Nam
589 1929 676 1996 qnae
691 1906 872 1997 primariae
887 1906 1069 1974 sententiae
1086 1917 1205 1974 natura
1221 1918 1280 1994 est,

171 2005 294 2082 eadenr‘
305 2020 355 2080 est
364 2012 474 2097 etiam,
488 2010 828 2102 plerumqnesaltem‚
842 2032 967 2096 earum,
985 2033 1072 2100 quae
1081 2033 1122 2078 ex
1131 2033 1172 2078 ea
1179 2018 1280 2100 aptae

171 2125 258 2189 sunt.
286 2116 371 2184 Vtar
386 2114 445 2183 ad
445 2136 519 2182 rem
536 2112 832 2181 demonstrandam
846 2113 1003 2204 exemplo
1022 2136 1159 2205 prorsus
1174 2114 1280 2199 simili,

171 2229 208 2288 ut
228 2243 279 2307 ου,
306 2241 394 2308 quae
412 2217 516 2286 moda
533 2217 637 2290 attuli
665 2217 900 2310 Lyeurgusp.
922 2213 1007 2288 165.
1033 2214 1135 2306 (242.
1149 2215 1279 2305 Beldr.)

171 2325 292 2395 καίτοι
319 2317 403 2394 κατ’
428 2320 581 2400 ἐκείνους
605 2345 690 2398 τους
713 2312 885 2442 χρόνους,
914 2347 940 2391 ω
968 2316 1110 2414 ανδρες,
1137 2316 1191 2398 τίς
1216 2313 1280 2390 οὐκ
1374 2363 1382 2378 ·

171 2424 218 2499 οἷν
232 2452 299 2514 την
313 2419 420 2496 πόλιν
436 2419 626 2545 ήλεησεν,
625 2447 668 2494 ου
684 2448 801 2514 μονον
820 2420 977 2546 πολίτης,
1005 2416 1098 2495 οίλλα
1112 2449 1170 2493 και
1162 2419 1281 2503 Ηξενος

171 2533 211 2602 ἐν
231 2533 308 2608 τοῖς
328 2528 539 2622 ἔμπροσθεν
558 2519 702 2648 χρόνοις
721 2527 878 2623 ἐπιδεέηι
863 2520 999 2623 μηκυίς,
1024 2553 1078 2605 τις
1096 2521 1132 2600 d
1153 2520 1197 2620 ήν
1212 2520 1280 2597 οὔ·

169 2629 285 2757 τωςή
311 2623 541 2756 μισόδημος
537 2621 624 2700 τότε
652 2626 675 2724 ή
697 2626 967 2723 μισαθήναιος,
1002 2654 1094 2708 οςτις
1122 2621 1279 2723 ἐδυνήθη

169 2732 219 2806 αν
247 2730 408 2805 ἄτακτον
429 2723 562 2802 ἑαυτου
588 2727 783 2822 ὑπομεῖναι
807 2732 920 2801 ἰδεῖν·
906 2785 918 2821 ,
954 2733 1062 2798 Recte
1083 2728 1209 2797 illud*
1187 2755 1279 2809 οςτις

169 2828 374 2932 ἐδυνήθη
349 2863 395 2906 αν
418 2833 630 2922 dictumest,
661 2833 739 2922 qnia
761 2833 832 2899 sine
850 2831 1040 2901 conditione
1062 2832 1189 2900 dictum
1208 2840 1280 2900 erat

169 2939 207 3007 id
227 2960 269 3007 ex
286 2960 354 3027 qno
368 2936 436 3004 hoe
452 2935 597 3027 pendet:
625 2936 705 3027 qais
726 2935 859 3004 tanto
846 2958 882 3004 ιπ
899 2935 1080 3006 civitatem
1096 2935 1180 3006 odie
1187 2933 1278 3028 suit,

169 3051 211 3112 at
235 3041 404 3110 militiam
429 3033 739 3109 detrectavisset?
780 3038 851 3108 Sed
870 3039 930 3106 nbi
950 3041 997 3108 ita
1016 3041 1212 3126 mutaveris,
1242 3047 1279 3106 nt

170 3144 345 3214 conditio'
332 3167 370 3212 m
383 3143 604 3264 principalem
612 3143 809 3211 sententiam
822 3143 1019 3234 recipiaturz
1035 3141 1088 3224 τίς
1096 3170 1142 3215 αν
1156 3137 1216 3266 ήν
1215 3137 1278 3213 οὔ·

169 3276 222 3322 πω
236 3239 492 3344 μισόδημος,
477 3269 544 3313 ram
562 3247 632 3314 sine
647 3244 691 3318 οίν
709 3245 889 3314 dicendum
904 3247 976 3331 erit,
1002 3243 1096 3327 ὅςτις
1110 3238 1276 3340 ἐδυνήθη

169 3348 228 3420 En
240 3350 405 3442 exempla
442 3348 713 3418 Demosthenes
704 3373 739 3416 rn
758 3349 909 3421 Timoer.
927 3373 963 3442 p.
981 3344 1067 3436 705,
1085 3346 1192 3420 26.“
1174 3375 1212 3418 εν
1232 3343 1278 3416 οἷν

170 3450 290 3526 adrev
303 3480 356 3533 τις
374 3457 533 3526 ἐποιεῖτο
552 3445 809 3548 κατηγόρημα,
837 3447 860 3523 ὅ
881 3479 919 3524 τι
914 3445 1086 3578 δήποτε
1092 3443 1199 3522 τοῦτ’
1222 3443 1275 3545 ήν

168 3555 363 3650 Epicurus
354 3578 387 3623 m
406 3555 475 3647 Ep.
489 3555 534 3623 ad
548 3554 716 3627 Heredot
733 3552 769 3626 6.
784 3578 821 3647 p.
838 3553 923 3627 3.’
888 3582 919 3626 ει
932 3583 982 3651 μη
1000 3549 1043 3679 ήν
1065 3577 1205 3626 οκενον
1218 3578 1277 3622 και

170 3652 291 3755 χυίραν
305 3657 364 3730 καί
381 3651 507 3784 οἷνρφή
521 3651 630 3776 φήσιν
645 3651 896 3784 ὀνομοίζρμεν,
916 3654 979 3732 οὐκ
994 3655 1040 3728 οίν
1054 3652 1127 3746 εἶχε
1142 3646 1191 3726 τοί
1207 3646 1277 3726 σοί-

168 3789 273 3854 ματα
300 3757 394 3834 ὅπου
389 3755 487 3884 ήν,
520 3758 603 3832 οὐδὲ
636 3755 686 3832 δι
717 3787 760 3832 ου
786 3764 961 3850 ἐκινεῖτο,
988 3752 1157 3878 καθοίπερ
1183 3754 1276 3851 φαί-
1307 3804 1310 3819 ·

171 3891 273 3937 νεται
293 3856 527 3992 κινρέμενοι.
554 3862 642 3935 lhid.
635 3860 746 3987 Θήρ
767 3861 803 3935 4.
833 3865 906 3936 εἴτε
927 3891 971 3936 το
989 3887 1092 3934 κονον
1108 3888 1152 3958 ην
1167 3884 1276 3956 ωρισ

168 3966 302 4058 μένον,
330 3992 396 4038 ουκ
424 3992 469 4037 αν
487 3961 566 4086 fixe
595 3959 644 4038 τοί
669 3963 803 4060 οίπειρα
838 3958 991 4056 σοίματα
1019 3961 1112 4037 ὅπου
1141 3963 1273 4059 ἐνίστη.
1365 3977 1368 3983 “

169 4071 248 4137 Νοο
263 4068 413 4137 debebat
428 4069 535 4161 recipi
524 4068 712 4160 Scaligeri
730 4067 958 4136 coniectura
934 4095 979 4139 αν
996 4067 1095 4164 ἔστη,
1122 4088 1224 4155 quam
1241 4075 1275 4132 et

168 4172 390 4264 grammatica
398 4172 567 4265 repudiat,
592 4181 627 4240 et
643 4194 721 4240 usus
736 4171 884 4262 Epicuri,
911 4171 1018 4262 utqui
1031 4169 1100 4240 hoe
1114 4170 1272 4265 ἔνστημα

168 4276 316 4345 vocetin
330 4275 400 4368 Ep.
419 4275 464 4344 ad
476 4275 633 4368 Pythocl.
649 4274 685 4348 9.
699 4298 735 4367 p.
751 4272 812 4346 al.
