2918 4890
575 282 731 345 111111.
769 281 917 349 (ΞΛΜ.
1202 304 1206 309 “
1244 294 1304 359 181
1385 231 1387 234 '

203 463 297 542 α’λλα
318 469 412 545 δοκω
424 498 489 564 μοι
506 467 616 545 uida
590 499 636 543 αν
652 470 791 560 μᾶλλον
807 467 1075 566 πεισθήσεσθαί
1092 502 1160 548 σοι.
1205 476 1307 546 Μ1111

202 572 303 640 codd.
321 573 532 647 πείθεσθαι
583 575 622 641 11
637 573 796 664 Xenoph
816 574 860 643 de
881 598 952 694 rep.
968 577 1048 644 Lac.
1065 577 1203 648 vuiti
1238 582 1306 648 Al-

201 663 349 751 ‹linaffl
326 702 398 770 οσῳ
411 669 482 772 ycip
491 673 599 769 μείζω
616 667 808 767 δύναμιν
787 704 860 764 εχει
873 673 1008 772 ήσέρχή,
1035 674 1199 752 τοσούτω
1211 683 1306 775 μᾶλ-

200 777 305 852 λον
280 805 327 849 αν
352 773 533 874 ἡγήσαντο
552 771 668 872 αὐτην
691 773 929 874 καταπλήξειν
949 807 1034 860 τοος
1052 781 1208 863 πολίτας.
1260 789 1307 852 At

199 881 329 948 Iuntina
359 882 469 950 omisit
498 909 552 952 αν.
604 880 907 972 Demosthenesp.
929 880 1016 970 116,
1042 882 1077 954 3
1105 883 1143 955 τί
1166 879 1235 979 γοῖρ
1259 885 1305 959 οἲν

199 981 334 1056 τοῦτον
350 985 475 1057 οίεσθι
490 976 654 1106 ποιήσειν
671 985 856 1054 λυθέντων
875 1010 947 1056 των
963 978 1107 1076 νόμων,
1135 986 1172 1066 ὃς
1190 986 1306 1061 ὄντων

199 1083 330 1180 κυρίων
353 1079 521 1165 τοιοῦτός
541 1111 660 1175 εστιν,
686 1084 864 1153 Bekkerus
890 1110 909 1153 e
940 1087 1015 1155 cod.
1045 1087 1152 1156 Marc
1175 1097 1305 1182 ποιεῖν,
1422 1095 1430 1119 ’

97 1203 101 1215 ‘
199 1181 625 1283 11111111111111111ιησ1ιν
643 1188 821 1260 tuentibus
848 1189 886 1256 P
905 1181 1017 1277 1335,
1037 1189 1138 1256 31.
1115 1218 1159 1285 ην
1180 1184 1305 1282 sycion}

198 1284 331 1370 πολλας
358 1286 559 1369 ἐλπίδας
524 1316 622 1377 ειχον
644 1289 803 1375 ζῶσαν
779 1319 824 1363 αν
839 1285 1129 1386 καταλήψεσθαι
1184 1293 1305 1363 Omisit

178 1428 181 1433 ·
198 1421 244 1466 αν
259 1416 337 1461 cum
352 1394 422 1461 aliis
436 1392 527 1460 libris
545 1391 734 1462 Bekkerus.

299 1496 339 1563 11
359 1497 474 1588 primis
491 1504 603 1562 autem
628 1495 883 1563 commemorari
904 1494 1009 1564 debet
1027 1495 1095 1566 hoc
1110 1521 1146 1589 p.
1162 1496 1249 1586 86⁰,
1266 1499 1302 1570 8.
1354 1500 1357 1507 '

195 1595 306 1672 ταῦτ’
329 1599 422 1690 ἐμοῦ
447 1599 765 1694 προκαλεσαμένου
791 1597 931 1671 πολλῶν
956 1592 1149 1693 παρόντων
1172 1598 1235 1674 οὐκ
1258 1598 1310 1675 ἄν’

196 1700 264 1797 ἔφη
278 1694 460 1795 ποιήσειν,
488 1709 525 1767 11
547 1701 712 1792 scriptum
736 1701 841 1768 estin
862 1700 937 1768 cod.
962 1701 1117 1794 Lessing.
1170 1703 1304 1773 0111111

195 1803 270 1869 libri
286 1802 447 1899 ποιήσαι,
473 1803 567 1894 quod
582 1811 759 1895 apparata
777 1803 979 1893 quibusdam
992 1804 1028 1871 in
1045 1797 1210 1898 ποιήσειν
1226 1829 1304 1875 1111-

194 1914 301 1974 tatum
316 1929 408 1990 esse,
442 1908 519 1995 quia
538 1905 774 1997 aperte-futuri
800 1905 1079 1996 significationem
1092 1905 1206 1975 habet.
1258 1911 1304 1978 Et

194 2018 306 2077 tamen
319 2011 400 2098 quin
416 2009 567 2103 ποιήσαι
583 2009 728 2100 genuina
746 2007 910 2099 scriptura
927 2009 968 2077 sit
981 2031 1023 2077 1ο
1039 2010 1146 2077 minus
1159 2010 1304 2080 dubitari

193 2119 325 2202 potest,
352 2111 445 2202 quod
464 2112 563 2178 etiam
579 2111 794 2202 participium
808 2110 920 2177 aoristi
936 2134 1012 2178 cum
1030 2111 1076 2182 ἄν
1090 2113 1303 2182 coniunctum
1346 2123 1349 2129 “

194 2214 359 2283 defuturo
374 2213 504 2299 dicitur,
520 2214 554 2280 in
568 2236 638 2303 quo
652 2213 792 2281 deberet
806 2212 974 2301 aliquanto
989 2215 1097 2281 maior
1109 2239 1182 2283 esse
1191 2215 1301 2284 offen-

193 2317 252 2387 sio.
302 2317 357 2383 Ex
370 2315 423 2383 his
439 2316 552 2408 colligi
569 2324 711 2408 potest,
724 2337 793 2383 non
806 2317 913 2407 magis
929 2338 1005 2383 curu
1021 2317 1182 2385 infinitivo
1200 2318 1302 2386 futuri

194 2419 340 2488 construi
361 2416 427 2507 ἄν,
454 2441 557 2508 quam
574 2440 653 2486 cum
669 2419 739 2486 eius
755 2418 919 2508 temporis
933 2405 1112 2487 indicativo
1128 2429 1186 2487 aut
1199 2430 1301 2512 opta-

192 2522 272 2592 tivo.
325 2521 431 2606 Quod
446 2522 474 2590 si
489 2521 571 2611 quid
589 2523 660 2590 veri
682 2529 732 2590 est
747 2520 781 2588 in
797 2521 854 2588 illa
869 2522 1081 2613 grammatici
1098 2523 1192 2614 apud
1205 2523 1301 2592 Bek-

192 2624 313 2692 kerum
330 2623 565 2709 adnotatione,
592 2647 702 2716 neque
720 2626 749 2692 is
765 2623 933 2692 mendosis
956 2632 1008 2696 cst
1022 2624 1114 2705 libris
1128 2649 1227 2713 usus,
1253 2628 1300 2695 sic

79 2778 81 2785 .
192 2728 255 2795 1111
272 2727 542 2812 existimandum,
570 2728 675 2796 sicubi
692 2725 738 2799 σ’ίν
754 2727 789 2793 11
809 2727 866 2794 illa
890 2727 1133 2794 constructione
1153 2729 1300 2819 positum

191 2830 387 2918 inveniatur,
414 2830 578 2918 similiter,
604 2839 642 2898 ut
657 2852 760 2921 supra
772 2829 808 2895 in
824 2829 895 2896 aliis
910 2828 1131 2897 locutionibus
1146 2831 1299 2915 vidimus,

192 2955 270 3000 cum
285 2934 351 3000 alio
366 2934 481 3024 potius
496 2934 608 3022 aliquo
621 2933 729 3002 verbo
741 2955 814 3000 esse
827 2931 991 3000 brevitate
1005 2932 1152 3020 quadam
1166 2933 1299 3002 dicendi
1413 3022 1417 3029 Ι

191 3036 413 3104 coniunctum.
465 3036 523 3105 Sic
545 3029 768 3126 1111ταχόἳν
789 3028 932 3120 δώσειν,
959 3029 1104 3114 otidis*
1076 3062 1125 3106 αν
1143 3031 1299 3134 πεισθή-

191 3147 346 3228 σεσθαι,
374 3135 548 3236 ῥᾳδίως
523 3166 569 3210 αν
583 3131 868 3256 προςχωρήσειν,
896 3137 923 3203 si
940 3145 1016 3204 sunt
1038 3137 1081 3204 ab
1106 3140 1297 3206 auctoribus

189 3241 252 3308 iliis
268 3241 412 3332 scripta,
438 3240 548 3308 studio
565 3241 624 3307 ilio
640 3239 745 3309 multa
762 3240 878 3330 paucis
896 3239 1143 3330 complectendi
1161 3242 1298 3310 defendi
1413 3236 1417 3241 ²

125 3421 128 3427 .
189 3352 347 3435 possunt,
381 3343 505 3434 quod
496 3368 529 3411 ru
551 3351 664 3412 mente
685 3341 851 3410 habereut
873 3333 1019 3430 δώσειν,
1046 3340 1104 3412 καὶ
1127 3337 1214 3433 τάχ’
1236 3342 1297 3416 ἄν·

191 3441 234 3519 οὐ
250 3441 543 3543 πεισθήσεσθαι,
577 3441 661 3518 οὐδὲ
683 3443 722 3516 ἓν
744 3441 807 3515 ἄν·
834 3437 1119 3539 προςχωρήσαν,
1146 3444 1205 3515 καί
1224 3451 1297 3541 ῥᾳ-

189 3547 270 3629 δίως
292 3546 355 3620 ἅν·
381 3549 550 3638 inquibus
569 3546 918 3616 omnibusverborum
941 3545 1138 3613 eorumdem
1157 3549 1297 3639 optativi
1328 3557 1333 3566 “

64 3660 67 3665 ’
189 3649 293 3748 δοίη,
320 3649 531 3747 πεισθείην,
553 3647 774 3745 προςχωροίη
791 3648 1028 3740 intelliguntur.

196 3816 199 3821 ,
294 3753 476 3823 Caeterum
499 3763 628 3822 tantum
648 3752 744 3820 abest
762 3760 817 3838 ut,
850 3750 944 3840 quod
965 3749 1138 3818 Werferus
1160 3748 1242 3818 fecit
1261 3751 1296 3820 in

56 3901 59 3906 -
189 3856 266 3923 Act.
284 3853 421 3925 Monac.
439 3857 505 3925 voi
519 3857 547 3930 1.
566 3881 601 3948 p.
618 3851 704 3926 252.
730 3843 796 3922 hac
816 3853 1059 3924 constructione
1072 3852 1120 3919 uti
1134 3852 1235 3920 liceat
1250 3853 1295 3921 ad

190 3956 235 4030 ἄν
261 3981 338 4025 cum
358 3958 539 4027 indicativo
560 3960 661 4027 futuri
678 3956 948 4045 defendendum,
973 3952 1144 4046 ut'potius
1160 3956 1294 4024 infiniti-

188 4076 256 4127 vus·
274 4060 372 4129 huius
392 4063 553 4153 temporis
576 4085 644 4131 uon
664 4061 773 4152 possit
790 4083 868 4128 cum
892 4083 933 4127 ea
950 4058 1116 4151 particula
1136 4060 1293 4146 construi,
1398 4114 1402 4125 .

188 4163 216 4230 si
230 4162 324 4232 idem
338 4173 474 4256 tempus
494 4188 562 4233 uon
579 4165 725 4257 patiatur
740 4162 955 4232 indicativum
976 4184 1071 4230 suum
1093 4161 1147 4229 vel
1168 4163 1292 4253 optati-

187 4289 267 4334 vum
284 4267 314 4335 ei
332 4266 524 4336 consociari.
575 4268 630 4337 Da
648 4276 789 4358 utraque
805 4289 844 4336 re
857 4266 935 4334 alibi
950 4265 1085 4336 dictum.

542 4588 563 4647 ‚⁴
599 4586 620 4642 -x
