2918 4890
208 292 272 355 raa
529 288 602 381 xnn
637 285 911 347 rrnurcvnr
932 280 979 348 tv

209 465 435 572 πράττουσιν
459 474 639 571 ἐπιτιμᾷς.
691 476 733 543 ld
759 474 839 544 vero
863 497 932 543 non
955 474 1057 563 illud,
1090 476 1184 565 quod
1213 476 1318 544 modo

211 581 383 666 dicebam,
411 579 630 671 significabit,
657 579 718 647 sed
732 577 921 672 facturis,
944 577 1146 670 velsacere
1166 581 1317 648 volenti-

211 682 294 766 bus,
320 683 386 753 ie.
403 681 428 753 ά
443 676 642 777 πράττοιεν
664 680 720 753 άν.
773 683 939 750 Nimirum
954 681 1056 748 fallax
1072 683 1240 771 quaedam
1261 707 1317 750 ra-

210 787 257 854 tio
275 787 373 854 istam
388 785 582 876 opinionem
597 787 751 877 peperit,
783 783 829 857 οἲν
846 784 1023 876 participio
1043 786 1192 854 iunctum
1213 787 1315 878 signi-

209 890 313 956 ficare
330 887 422 956 idem
443 887 537 977 quod
558 891 590 959 οἱ
610 911 687 955 cunr
704 888 810 956 verbo
826 889 929 955 finito.
982 888 1071 954 Nam
1095 890 1153 956 ubi
1176 891 1316 958 verbum

209 991 389 1083 participio
409 991 602 1058 adiunctum
624 1015 702 1059 curn
721 989 767 1063 άν
788 990 1015 1058 consociatum
1039 1000 1110 1079 est,
1138 1016 1216 1060 sane
1239 1016 1315 1083 par-

120 1156 123 1169 ,
208 1095 360 1186 ticipium
379 1117 456 1161 cum
480 1093 526 1165 άν
546 1095 591 1161 ita
609 1095 693 1162 verti
711 1104 845 1185 potest,
872 1093 935 1162 sed
958 1115 1026 1161 non
1046 1104 1159 1162 tamen
1176 1097 1254 1184 quia
1271 1094 1317 1166 οἲν

209 1197 241 1265 ei
256 1208 306 1266 est
321 1196 484 1284 additum,
511 1197 571 1265 sed
584 1198 673 1287 quia,
700 1197 727 1265 si
741 1197 929 1288 principale
942 1198 1084 1265 verbum
1096 1221 1162 1288 per
1172 1197 1217 1269 οἲν
1233 1221 1316 1265 con-

209 1299 403 1368 ditionalem
422 1303 618 1368 sententiam
642 1302 801 1392 praebet,
828 1302 926 1368 etiarn
951 1311 1065 1391 partes
1087 1302 1158 1369 eius
1182 1311 1316 1369 senten-

207 1404 272 1472 tiae
283 1403 369 1471 tales
385 1412 469 1470 sunt.
523 1403 570 1471 vt
582 1404 615 1471 in
631 1403 817 1493 Lysistrata
831 1427 861 1470 v.
878 1401 963 1470 310.

704 1553 763 1625 καὶ
779 1548 949 1635 πολλάκις
963 1556 1067 1628 ἔνδον
1084 1553 1130 1626 οἷν
1147 1549 1255 1626 οὖσαν

309 1649 515 1753 ἠκούσαμεν
532 1653 578 1729 άν
596 1683 632 1728 τι
648 1658 760 1737 κοινάς
781 1655 874 1748 ripole
889 1658 1199 1750 βουλευσαμένους
1221 1658 1313 1750 μέγα

494 1861 498 1871 Ι
824 1757 986 1854 πράγμα.

206 1910 260 1978 Et'
275 1911 365 1979 istud
385 1912 498 2003 ipsum
523 1913 698 1998 Isocratis,
725 1913 753 1979 si
772 1913 818 1979 sic
842 1911 953 1998 dicas,
979 1909 1005 1982 οἳ
1030 1915 1107 1990 τοῖς
1128 1909 1246 1991 ἄλλοις
1270 1911 1315 1983 άν

206 2007 434 2109 πράττουσιν
447 2011 640 2113 ἐπιτιμῴης
655 2013 711 2088 άν.
764 2014 891 2084 Contra
903 2021 996 2082 recte
1010 2035 1088 2081 cunr
1105 2011 1172 2084 κάν
1179 2069 1193 2102 ,
1220 2016 1315 2105 prin-

129 2201 132 2209 ,
207 2117 307 2209 cipali
321 2118 467 2187 verbo
442 2141 512 2188 sune
526 2119 716 2187 conditione
729 2121 853 2235 posito.
878 2116 987 2210 Soph.
1005 2115 1133 2188 Trach.
1150 2116 1263 2185 llot.

312 2267 395 2343 οἷ’λλ
408 2300 448 2343 ιο
464 2273 508 2363 γε’
519 2265 711 2344 τοιτόδ”’
693 2299 792 2360 ιοτο,
820 2269 886 2343 κάν
900 2298 944 2343 το
937 2263 1118 2392 μηδὲν”
1089 2297 1159 2350 ιον,

309 2372 376 2444 ιιάν
392 2373 543 2495 μηδὲν”
522 2399 658 2468 ερπων,
684 2368 752 2469 τήν
767 2403 805 2468 γε
820 2367 1007 2470 ὃράσασαν
1020 2365 1110 2445 τάδε

276 2469 534 2569 χειρώσομαι
550 2471 615 2546 κάν
631 2475 754 2547 τάνδε.

205 2626 294 2696 Nam
318 2649 433 2695 sensus
454 2635 506 2695 est
513 2620 790 2724 ,χειράσομαι,
822 2653 880 2697 και
873 2623 949 2697 άν
974 2628 1009 2699 εἰ
1028 2625 1140 2719 μηδὲν
1161 2630 1235 2724 οἴην
1255 2626 1313 2698 καὶ

204 2729 319 2828 μηδὲν
336 2735 502 2822 ἔρποιμι,
529 2729 783 2826 χειρωσαίμην.
837 2729 916 2796 Non
934 2738 1019 2820 puto
1036 2739 1148 2796 autem
1168 2729 1213 2800 άν
1228 2755 1312 2821 par-

205 2834 321 2925 ticipio
336 2833 488 2901 additum
501 2833 556 2901 vel
569 2834 713 2921 nomini,
740 2833 784 2901 ad
798 2831 891 2922 quod
908 2832 1162 2924 intelligendum
1178 2843 1239 2917 est,
1266 2835 1312 2900 sic

206 2936 367 3028 explicari
385 2960 487 3027 posse
510 2945 547 3004 ut
570 2937 796 3005 coniunctivus
825 2937 1057 3021 substituatur,
1093 2936 1150 3023 qni
1178 2936 1313 3022 moduS,

204 3049 242 3106 nt
260 3061 363 3131 supra
376 3039 517 3128 dictum,
543 3062 611 3107 non
627 3040 715 3107 solus
727 3061 792 3130 per
812 3062 847 3106 se
866 3040 1068 3106 construitur
1082 3061 1159 3104 cunr
1174 3062 1215 3105 ea
1228 3063 1311 3130 par-

204 3142 316 3213 ticula.
369 3142 487 3231 ltaque
512 3166 541 3214 e.
572 3167 600 3212 c.
623 3140 745 3221 συθεὶς
771 3140 816 3213 άν
836 3144 904 3210 non
917 3143 1050 3239 poterit
1073 3141 1138 3208 dici
1162 3165 1226 3232 pro
1248 3137 1312 3213 ἐάν

206 3245 337 3339 ποθῇς,
361 3243 456 3312 aut‘
435 3273 454 3316 ο
474 3242 638 3325 cotue*
613 3273 677 3329 οιν,
705 3267 771 3336 pro
788 3243 826 3324 ὃς
849 3242 894 3317 oio
913 3245 1030 3339 ποθῇ,
1056 3244 1134 3334 qnia
1149 3256 1310 3336 nonpot-

206 3357 255 3414 est
269 3347 385 3414 dioi'
350 3375 380 3418 οι
402 3346 556 3444 ουθῇς”
531 3376 595 3426 αν,
624 3347 662 3428 ὃς
682 3345 821 3443 σοθῇ”
796 3376 850 3419 αν.
904 3347 1007 3414 Aliud
1028 3358 1079 3416 est
1100 3345 1227 3420 ὁτιοῦν
1250 3346 1310 3436 oio,

204 3432 299 3539 quod
320 3473 424 3538 quum
440 3450 644 3519 Scbaeferus
665 3450 761 3543 apud
776 3449 953 3519 Demosth.
968 3473 1005 3540 p
1025 3450 1109 3534 192,
1129 3449 1218 3519 22⁹
1209 3474 1242 3517 ιη
1258 3450 1310 3518 his

204 3553 333 3641 verbis,
360 3581 392 3626 οι
387 3549 485 3627 ’'‘rl
463 3555 553 3648 υπέρ
566 3581 606 3647 γε
621 3553 694 3625 τάν
715 3552 861 3625 δικαίων
876 3580 934 3624 ιιοιι
928 3552 1181 3644 πολεμεῖν,
1156 3579 1202 3624 αν
1219 3547 1310 3625 τοά-

204 3680 272 3728 που
287 3658 348 3753 δέῃ
355 3711 369 3744 ,
396 3655 457 3728 κοιλ
473 3650 625 3745 πάσχειν
640 3653 766 3728 οτιοῦν
781 3683 827 3726 οιν
843 3657 967 3728 οἱοοθο
983 3656 1138 3750 χρῆναι,
1165 3658 1228 3724 nisr
1218 3656 1309 3724 'de-

203 3759 328 3845 leatur,
355 3760 402 3827 sic
420 3758 656 3851 explicandum
673 3765 772 3850 putat
788 3754 917 3830 ὁτιοῦν
930 3756 976 3830 oio
990 3753 1030 3854 ᾖ,
1056 3767 1170 3850 potest
1182 3759 1218 3826 id
1233 3761 1310 3848 qui-

203 3861 282 3928 dem
307 3863 397 3948 fieri,
425 3863 451 3930 si
470 3862 611 3930 verbum
627 3861 711 3929 illud
730 3883 810 3928 vere
833 3862 992 3948 omissum
1008 3861 1225 3932 iudicandum
1248 3872 1309 3947 est,

147 4036 149 4040 Α
203 3973 238 4031 at
260 3965 331 4031 veri
351 3974 463 4033 tamen
490 3965 625 4033 similius
646 3987 720 4033 esse
740 3963 900 4051 arbitror,
925 3965 1114 4056 optativum
1136 3967 1248 4058 potius
1274 3968 1309 4033 iu

195 4068 259 4152 rlla
273 4067 419 4135 formula
440 4065 647 4160 intelligi,
627 4065 753 4140 οτιοῦν
774 4064 819 4137 άν
837 4064 948 4162 χρείη.
1000 4068 1118 4198 Sicp
1136 4068 1223 4197 231.
1240 4069 1306 4135 init.
1371 4088 1373 4091 ·

202 4278 334 4347 teneat
357 4272 540 4368 σωθῆναι,
566 4272 693 4376 uoluae
717 4298 760 4344 ου
752 4267 901 4344 δίκαιοι
922 4274 1119 4354 ποιοῦντας
1144 4271 1306 4369 ὁρῶντος,
