2918 4890
162 283 185 342 o
276 267 278 273 '
501 274 559 337 DE
580 271 855 337 Ptuulcvua
877 268 925 335 dv

163 465 305 542 Aemilio
334 488 363 534 c
390 463 451 535 32.
476 491 572 552 μετα
563 459 634 539 δὲ
658 457 722 546 τός
740 455 970 559 ὁπλοφόρους
991 457 1130 582 αμγῖξσις
1148 460 1274 559 ἄνδρες

164 562 385 664 ἐπορεύοντο
408 568 617 663 τριςχίλιοι,
648 562 814 659 νόμισμα
837 567 1008 690 φέροντες
1027 563 1207 659 ἀργυροῦν
1234 574 1272 639 ἐν

165 668 320 764 ἀγγείοις
333 670 561 752 ἑπτακοσίοις
571 664 802 794 πεγτήιιοντσι
820 662 1089 764 τριταλάντοις,
1116 666 1166 740 όν
1185 676 1273 741 ἐκσι-

55 838 60 845 ,
164 801 253 847 στον
280 768 353 846 n’roi
375 775 545 865 τέσσαρες
566 765 742 896 ἐνόμιζον.
794 771 850 839 Ex
868 770 935 838 hac
963 771 1066 862 igitur
1088 771 1274 840 adverbiali

163 885 330 970 potestate
344 877 602 968 praepositionis
616 869 710 963 σὶνά,
737 873 954 967 significantis
974 875 1188 962 secundum,
1215 898 1274 943 σι-

163 990 235 1048 tum
251 977 423 1048 videtur
397 1007 453 1052 αν.
483 980 572 1048 Nam
587 979 794 1070 praepositio
809 977 1006 1070 priusquam
1018 977 1051 1044 in
1067 980 1273 1047 coniunctio-

164 1106 242 1151 nem
260 1092 430 1170 vertatur,
459 1083 493 1151 in
514 1077 711 1151 adverbium
736 1081 856 1149 abierit
877 1078 1016 1149 necesse
1031 1089 1101 1165 est,
1128 1084 1208 1172 quia
1222 1084 1274 1154 sic

165 1187 302 1255 demum
322 1187 392 1254 sine
408 1188 542 1256 nomine
559 1186 659 1254 inseri
676 1185 818 1253 orationi
831 1192 954 1276 potest.
987 1184 1040 1252 lta
1056 1208 1098 1252 ex
1112 1187 1196 1281 πέρι
1210 1186 1273 1252 ad-

164 1291 293 1372 verbio,
320 1288 415 1378 quod
432 1299 482 1358 est
496 1289 618 1376 valde,
645 1288 735 1356 facta
750 1297 801 1356 est
822 1287 1013 1355 coniunctio
1032 1289 1113 1383 πέρ,
1138 1311 1273 1380 quam-
1348 1372 1350 1383 Ι

163 1393 230 1465 vie.
264 1393 370 1484 igitur
387 1413 491 1480 quum
505 1391 690 1484 particulae
704 1390 749 1464 ἄν
766 1414 806 1458 ea
818 1391 944 1480 ubique
960 1391 1009 1458 vis
1025 1391 1076 1475 sit,
1101 1392 1196 1458 atad
1211 1392 1274 1458 ali-

165 1518 266 1585 quam
283 1494 508 1565 conditionem
523 1494 697 1581 referatur,
725 1515 812 1583 quae
829 1493 976 1560 conditio
993 1516 1095 1584 saepe
1113 1494 1275 1586 adiungi·

164 1607 228 1682 tur,
243 1598 301 1665 ubi
318 1606 430 1664 autem
445 1605 572 1665 nonest
586 1595 712 1678 addita,
726 1604 841 1663 tamen
856 1597 995 1686 cogitari
1005 1596 1117 1684 debet,
1132 1605 1225 1688 patet
1239 1597 1275 1664 id

164 1701 275 1792 ipsum
292 1722 355 1791 per
370 1700 654 1791 praepositionem
669 1694 739 1769 οἷνα
731 1691 907 1766 disertius
922 1697 1078 1766 indicari:
1110 1708 1149 1767 ut
1170 1722 1275 1789 quum

165 1803 305 1870 dicimus
315 1796 558 1923 ἐβουλόμην”
533 1829 593 1892 αν,
611 1828 644 1874 οι
638 1795 850 1925 ’ἐδυνάμην
866 1800 948 1889 quid
962 1800 997 1867 id
1008 1801 1098 1868 alind
1114 1812 1275 1892 estquam

124 1925 137 1998 s
165 1897 408 2000 ἐβουλόμην
384 1898 456 1976 ovd
471 1905 603 1995 τοῦτο,
633 1931 666 1976 ει
660 1897 896 2023 ’ἐδυνόμῃνέ
921 1912 979 1971 aut
1001 1926 1106 1993 quum
1134 1928 1202 1973 non
1220 1905 1274 1972 di·
1280 1993 1282 1997 Ι

168 2017 256 2075 serte
279 2007 410 2074 adiecta
424 1999 675 2076 σσσιιίιὶσιιο’
631 2032 696 2079 aaa
710 2007 792 2102 λέγῃ
799 2060 813 2095 ,
840 2003 935 2073 vel*
913 2033 1004 2078 σταν
1021 2008 1128 2102 λέγῃ,
1157 2008 1259 2076 vel
1237 2035 1276 2090 ος

125 2101 190 2209 {¹
165 2138 211 2181 ιιν
201 2109 307 2233 λιγῃ
316 2164 330 2198 ,
357 2109 438 2200 quid
454 2112 544 2179 aliud
558 2133 660 2200 quam
676 2137 708 2183 ει
702 2104 847 2205 ’λέγῃ’
823 2135 894 2180 ανα
909 2109 1023 2182 τοῦτο
1032 2163 1046 2198 ,
1074 2107 1251 2202 λέγειν
1203 2139 1275 2182 αν-

164 2240 245 2300 τον,
272 2224 307 2280 et
320 2210 383 2286 ὅτι
399 2210 522 2309 λέγῃ
498 2207 570 2285 ανσῖ
583 2212 707 2293 τοῦτο,
733 2212 848 2304 λέγειν
865 2212 969 2300 ποτέ,
998 2215 1061 2280 et
1049 2239 1086 2292 ος
1103 2209 1227 2309 λέγῃ
1203 2241 1274 2286 ανα

164 2316 302 2402 τοῦτο,
329 2317 443 2407 λέγειν
459 2311 574 2388 acad?
599 2315 651 2381 lta
673 2322 834 2404 apparel,
860 2315 1060 2405 particulam
1085 2314 1130 2387 ἄν
1154 2315 1275 2383 condi-
1331 2323 1334 2330 “

164 2418 255 2486 tione
277 2416 435 2484 addenda
457 2417 493 2484 id
513 2415 606 2507 quod
629 2416 725 2483 aliter
749 2425 879 2484 certum
906 2416 1147 2506 definitumque
1175 2428 1274 2505 esset,

128 2593 130 2597 ,
164 2520 327 2588 incertum
344 2528 378 2586 et
392 2510 556 2586 infinitum
576 2517 732 2591 reddere.
786 2518 832 2584 Vt
847 2540 952 2617 quum
968 2518 1007 2598 ὃς
1020 2521 1102 2613 λέγῃ
1125 2521 1276 2608 dicimus,

105 2648 108 2658 ·
166 2631 216 2690 est
230 2622 266 2688 id
291 2622 322 2690 ie
347 2623 407 2713 qui
430 2622 550 2709 dicat,
571 2620 665 2711 quod
687 2629 738 2688 est
758 2621 906 2702 linitum3
934 2620 972 2699 dc
991 2619 1036 2691 civ
1052 2623 1132 2719 λέγῃ
1147 2634 1273 2710 autem,

167 2725 376 2817 quicumque
405 2725 529 2794 dicat:
562 2723 655 2815 quod
676 2733 725 2791 est
746 2723 928 2810 infinitum,
954 2724 1111 2813 quoniam
1134 2727 1179 2794 ad
1200 2751 1275 2795 eam

164 2829 354 2915 notionem,
389 2852 478 2918 quae
504 2829 705 2920 pronomine
727 2826 934 2909 continetur,
969 2826 1116 2894 conditio
1143 2832 1275 2898 accedit

165 2932 337 2998 veritatem
354 2933 403 2999 rei
419 2957 438 3000 e
464 2955 544 2999 casu
562 2932 700 2998 fortuito
719 2929 937 3019 suspendens.
990 2930 1089 2997 Vnde
1111 2933 1276 3022 particula

115 3077 116 3080 =
163 3033 226 3102 ista
249 3034 339 3100 dicta
362 3044 412 3103 est
439 3058 459 3103 a
485 3033 712 3127 grammaticis
734 3025 930 3124 σύνδεσμος
955 3027 1184 3130 οέναιρετινιός
1206 3039 1276 3109 τοῦ
1306 3037 1308 3040 ⁴

165 3162 365 3229 γιγσνοτος.

698 3341 741 3408 ll.

383 3491 468 3563 De
520 3493 1051 3564 collocatione.

266 3645 323 3714 Ad
341 3645 598 3716 collocationem
621 3647 867 3738 quodattinet,
900 3655 1022 3714 neutra
1044 3646 1211 3736 particula
1241 3649 1274 3716 in

158 3749 331 3842 principio
348 3751 503 3818 orationis
524 3753 605 3842 poni
620 3759 750 3844 potest,
780 3773 850 3818 non
870 3748 1076 3841 praegressa
1091 3749 1156 3815 alia
1178 3773 1273 3818 voce.

163 3851 305 3938 Vtrique
331 3851 420 3918 enim
439 3853 525 3921 inest
545 3854 712 3944 quaedam
733 3853 915 3921 sententiae
938 3849 1158 3938 debilitatio,·
1170 3875 1276 3941 quum

165 3953 258 4044 quod
272 3953 366 4020 aliter
380 3953 501 4023 deuna
512 3980 550 4026 re
566 3966 657 4026 certa
666 3957 845 4044 diceretur,
860 3953 906 4020 ad
922 3953 1066 4040 aliquam
1084 3977 1103 4021 e
1118 3955 1270 4045 pluribus

128 4132 131 4138 ¹
163 4057 296 4124 incertis
309 4056 411 4124 rebus
426 4060 617 4130 transierat:
632 4061 723 4128 unde
738 4059 767 4127 ei
779 4080 847 4126 non
862 4064 975 4148 potest
990 4057 1050 4125 nisi
1060 4057 1274 4125 secundarius

123 4173 125 4176 ⁴
165 4160 282 4249 aliquis
297 4159 331 4226 in
347 4160 497 4228 oratione
510 4164 604 4232 locus
623 4161 773 4231 concedi.
805 4161 925 4248 ltaque
939 4158 1000 4226 has
1016 4161 1198 4250 particulas
1218 4173 1276 4228 aut

49 4275 51 4279 ’
163 4272 242 4354 post
272 4259 354 4330 illud
382 4263 541 4352 verbum,
574 4265 618 4334 ad
645 4265 739 4362 quod
760 4264 949 4355 pertinent,
976 4273 1033 4331 ant
1051 4274 1130 4355 post
1157 4287 1275 4349 eorum

236 4496 246 4530 l
