2918 4890
170 314 234 378 ιω
507 310 565 371 nn
597 308 868 377 utrumvis
889 281 942 374 n

170 495 321 581 verbis
296 526 341 574 αι
354 499 547 590 requirenti,
557 523 586 567 c.
602 497 755 590 Ctesiph.
768 498 827 588 22,
843 498 879 573 6
893 523 929 620 p.
944 498 1031 569 447.
1046 498 1150 625 (486.
1169 495 1275 596 §.66

169 599 359 693 Bekkff')
337 629 431 682 οιτις
455 599 551 675 οὕτω
577 596 778 692 deusserat,
812 597 907 701 μήτ
938 598 1135 696 ἀπογνώτω
1164 605 1276 704 μηδὲν

169 707 260 803 μηδὲ
281 698 520 796 καταγνώτω,
552 732 636 800 apro
658 698 803 801 niundon.
856 705 1037 774 Verissima
1057 715 1107 775 est
1126 707 1275 776 enimli-

168 809 308 877 brorum
322 809 499 898 scriptura,
519 829 624 897 quum
637 808 746 876 statim
761 780 908 877 dicturus
923 810 965 877 sit
977 818 1090 877 orator
1102 811 1169 893 illa,
1189 833 1277 900 quae

171 912 279 980 audiri
299 911 385 979 vult.
411 910 448 978 id
472 911 566 1001 quod
585 910 793 1001 apertissime
810 912 983 979 declarant
989 936 1113 1002 ,quae
1132 937 1277 1003 sequun-

171 1024 257 1104 tur
286 1013 481 1102 Herodotus
502 1014 560 1085 lv.
581 1010 667 1082 157.
690 1009 734 1086 οὐ
755 1042 825 1112 γαρ
847 1009 892 1110 δή
909 1039 1019 1110 σφεας
1040 1011 1140 1088 οἷαίει
1156 1044 1175 1088 ο
1168 1010 1277 1096 θεός

170 1146 234 1214 της
247 1088 423 1214 docentor,
438 1143 523 1213 ιιοιι
539 1111 626 1213 δη’
601 1116 801 1189 απίιιωιται
821 1111 1277 1216 transpositorum

170 1221 336 1308 Tlreraei,
363 1242 448 1310 quos
471 1222 644 1288 oraculum
669 1220 816 1311 Libyam
838 1230 956 1312 petere
983 1221 1146 1309 iussisset,
1173 1244 1277 1310 quum
1288 1226 1302 1244 “·

170 1327 323 1394 Plateam
344 1325 485 1391 insulam
508 1347 573 1414 per
594 1322 732 1413 aliquod
753 1333 884 1415 tempus
908 1325 1104 1409 coluissent,
1129 1326 1277 1417 Libyam

171 1454 244 1499 esse
257 1429 331 1516 rati,
357 1428 477 1494 iterum
497 1427 648 1494 consulto
663 1424 801 1494 oraculo
817 1450 1017 1517 responsum
1032 1429 1184 1515 tulerant,
1211 1430 1276 1497 mi-
1326 1461 1330 1467 ’

169 1552 348 1616 ramesse,
375 1530 412 1618 si,
440 1530 497 1619 qui
511 1551 579 1596 non
591 1529 748 1597 adiissent
760 1524 917 1619 Libyam,
942 1531 1061 1599 melius
1075 1555 1150 1600 eam
1163 1530 1276 1622 Apol-

168 1637 236 1706 line
263 1641 407 1707 nossent.
460 1629 579 1720 Itaque
609 1655 667 1700 eos
691 1633 803 1722 coegit
820 1634 947 1723 Apollo
972 1635 1082 1726 ipsam
1113 1659 1277 1725 quaerere

168 1739 331 1827 Libyam:
360 1735 453 1825 quod
464 1734 612 1804 indicare
622 1737 738 1803 volens
753 1734 960 1822 HerodotuS,
977 1737 1086 1804 omisit
1101 1736 1158 1827 oio,
1174 1762 1277 1828 quam

168 1840 367 1936 particulam
395 1839 422 1906 si
444 1837 648 1922 addidisset,
684 1838 902 1929 significasset
930 1861 999 1906 non
1030 1849 1108 1907 ante
1129 1864 1186 1910 eos
1215 1864 1275 1909 co·

168 1944 279 2014 loniae
302 1941 523 2010 deducendae
545 1942 740 2010 necessitate
763 1942 940 2008 liberatum
958 1942 1017 2029 iri,
1045 1967 1147 2032 quam
1171 1968 1276 2034 quum

167 2049 256 2117 forte
271 2047 419 2135 Libyam
434 2045 608 2113 venisseut.
650 2046 728 2112 Non
739 2045 852 2113 minus
866 2053 1021 2113 accurate
1035 2046 1129 2114 idem
1142 2047 1200 2116 Vl.
1215 2047 1274 2118 82.

171 2145 261 2245 προς
279 2178 328 2222 αι
350 2149 470 2222 ταῦτα
489 2174 533 2221 ου
525 2143 711 2221 deauratio
728 2147 858 2272 πειροῖι
880 2148 944 2244 τῆς
966 2146 1105 2238 πόλιος,
1132 2149 1216 2246 πρίν
1236 2179 1275 2243 γε

115 2265 121 2276 ”
171 2249 245 2381 δι’
231 2259 343 2350 ιροῖσι
362 2245 540 2370 χρήσηται
557 2277 617 2321 ιιαι
609 2243 758 2345 μαθῃ,
786 2253 859 2322 εἱτε
872 2255 909 2323 οἱ
927 2277 947 2322 ο
939 2245 1050 2342 ‘door
1065 2257 1275 2348 παραδιδοῖ,

170 2360 245 2431 εἴτε
275 2361 311 2425 οἱ
339 2346 549 2445 ἐμποδών
527 2378 662 2447 εστηιιε.
714 2354 832 2444 Pergit
865 2353 968 2422 enim:
995 2359 1275 2451 καλλιερευμένῳ

93 2491 95 2495 ·
171 2459 247 2531 δὲ’
229 2483 267 2530 ιι
286 2483 337 2549 τῳ
324 2453 535 2550 ”Hpot'p’
517 2481 555 2528 ιιι
575 2481 643 2526 τοι
631 2448 875 2546 ἀγάλματος
889 2455 962 2527 cciv
978 2458 1142 2552 στηθέων
1158 2453 1274 2589 φλόγα

168 2552 280 2656 παρδς
298 2551 504 2686 εἰιλοίμψαι
523 2561 661 2648 μαθεῖν
687 2557 725 2631 δὲ
742 2551 852 2638 αὐτος
868 2555 964 2631 οὕτω
986 2553 1053 2654 τήν
1066 2556 1274 2686 capreolos,

169 2690 229 2737 οτι
245 2689 311 2734 ουιι
329 2661 443 2756 αιρειι
458 2687 502 2732 το
520 2656 664 2755 Αργος.
713 2661 740 2734 l.
764 2659 859 2727 32st
842 2665 954 2735 οιιῖιο
974 2662 1011 2735 δι’·
1030 2656 1076 2736 cd
1097 2658 1229 2782 εἴρεόι
1215 2693 1276 2754 με,

170 2763 263 2838 οὔκω
285 2790 323 2837 σο
343 2768 409 2856 ἐγω
402 2757 538 2856 λέγω,
564 2761 648 2859 πρὶν
664 2758 930 2862 τελευτήσαντα
947 2765 1059 2846 καλῶς
1075 2758 1142 2838 ‘cdo
1160 2767 1275 2854 aluino

169 2863 358 2959 πύθωμαι.
393 2867 518 2936 Nescio
531 2890 574 2934 an
589 2869 711 2938 rectius
724 2869 770 2936 ita
786 2867 887 2940 codd.
905 2867 1067 2961 quidam
1059 2878 1093 2936 et
1107 2868 1274 2938 Stobaeus

171 2971 244 3043 CV.
265 2969 326 3038 63.
350 2993 452 3060 quam
473 2971 600 3062 vulgati
625 2998 709 3067 ιιοιι
735 3000 792 3044 αι.
845 2969 979 3040 Omissa
999 2972 1088 3039 enim
1112 2973 1276 3063 particula

161 3097 283 3143 ⁴sensus
302 3083 370 3161 est,
397 3083 472 3142 tum
489 3075 633 3142 demum
650 3083 686 3143 te
702 3072 847 3143 beatum
861 3072 1100 3166 praedicabo.
1153 3077 1199 3143 At
1213 3098 1274 3144 eo-

170 3177 249 3253 dem
271 3179 383 3295 capite
403 3177 519 3267 paullo
539 3185 637 3267 post:
663 3205 694 3250 ιι
689 3177 756 3250 ’da'
776 3202 889 3296 προς
879 3171 1067 3250 soricorum
1083 3179 1137 3251 ἔτι
1152 3184 1275 3252 τελεα-

170 3273 272 3375 τήσει
290 3307 356 3351 τοι
377 3279 459 3371 βίον
481 3275 535 3368 οὗ,
564 3276 670 3360 οὗτος
691 3280 820 3359 ἐκεῖνος
842 3272 910 3352 τοι
938 3275 982 3352 οὐ
985 3287 1124 3403 ζητεῖς,
1153 3279 1275 3372 ὄλβιος

169 3381 365 3478 κεκλῆσθαι
381 3375 512 3463 ἅξιός’
495 3405 591 3455 εστι·
617 3381 700 3480 πρὶν
722 3379 757 3455 d’
780 3410 826 3453 αι
843 3376 1101 3479 τιλιιιτήσῃ,’
1084 3385 1273 3472 επισχέιιι,

168 3482 635 3609 μηδὲιιαλιίιιιιωὸλβιοι,
656 3481 735 3558 αλλ’
754 3480 916 3573 ιατυχέα
968 3484 1131 3553 Additum
1147 3486 1204 3552 hic
1224 3497 1275 3554 est

170 3616 233 3672 αι,
259 3588 337 3678 quia
358 3610 472 3654 sensus
492 3597 541 3654 est
561 3587 632 3655 nisi
653 3611 761 3679 quum
788 3584 924 3656 obierit.
976 3588 1065 3655 Nam
1082 3589 1159 3674 etsi,
1184 3590 1249 3656 ut
1240 3612 1273 3656 m

168 3692 283 3781 priore
302 3681 400 3762 huius
424 3690 540 3780 capitis
563 3691 657 3776 loco,
682 3713 720 3758 re
740 3691 815 3782 ipsa
834 3689 997 3781 perinde
989 3699 1039 3758 est
1057 3701 1171 3759 utrum
1189 3690 1273 3786 πρὶν

168 3787 346 3884 πύθωμαι
369 3817 410 3860 an
432 3792 515 3888 πρὶν
543 3791 588 3865 oio
613 3785 791 3885 πύθωμαι
813 3792 922 3879 dicas,
958 3801 1070 3879 tamen
1104 3793 1274 3886 cogitandi

168 3895 272 3962 modo
304 3896 390 3963 haec
419 3895 518 3963 valde
547 3895 679 3964 diversa
705 3904 796 3962 sunt.
848 3897 991 3963 alterum
1028 3898 1116 3965 enim
1145 3906 1272 3965 certum

169 4007 236 4083 est,
273 3999 448 4088 quamdiu
474 4021 546 4066 non
568 4021 792 4092 cognovero:
828 3999 998 4066 alterum
989 4010 1171 4085 incertum,
1203 3999 1273 4066 nisi

171 4124 279 4194 quum
304 4123 519 4192 cognovero.
544 4121 549 4132 ·
573 4102 709 4186 Quare,
748 4110 910 4193 utsupra
938 4102 1109 4190 dicebam,
1135 4113 1273 4170 nonest

168 4205 305 4289 mirum,
344 4204 403 4271 ubi
432 4204 477 4270 ad
504 4227 577 4271 rem
601 4204 682 4272 nihil
708 4205 852 4289 intersit,
893 4203 984 4273 idem
1017 4207 1141 4273 utrovis
1168 4205 1272 4272 modo

168 4307 244 4378 dici.
302 4307 354 4374 lta
381 4306 468 4375 haec
497 4308 570 4398 ipsa
603 4309 782 4394 sententia,
825 4329 912 4397 quae
948 4316 998 4375 est
1030 4309 1124 4400 apud
1158 4309 1271 4376 Hero-
