2918 4890
441 350 443 354 Δ
503 265 590 327 mu.
612 265 650 326 u
695 268 793 328 cur.
815 270 865 332 ιν.
892 270 941 332 ra.

82 450 94 465 '
168 451 265 542 Cycl.
281 447 370 520 558.

270 602 502 699 α’πσμνντέσν
517 609 555 683 δὲ
572 607 632 683 σοι’
645 604 703 703 γ’,
730 607 826 692 ὅπως
841 605 948 708 λήψει
966 618 1072 687 πιεῖν.

165 761 292 830 Electr.
308 757 395 832 835³

665 913 751 1007 οὐχ,
779 915 1106 1019 ὅπωςπεσστηρίαν

270 1013 570 1111 θοινασόμεσθα,
599 1015 743 1094 Φθιάδ’
758 1018 841 1097 ἀντὶ
859 1023 1027 1120 Δωρικῆς

269 1123 361 1193 οἴσει
379 1149 435 1202 τις
448 1118 537 1218 ἧμιν
553 1123 702 1206 νοπι’δα;

164 1273 314 1341 Fallatur
336 1297 435 1362 vero,
459 1276 517 1364 qui
536 1277 678 1367 perinde
701 1301 774 1346 esse
798 1286 914 1369 putet,
939 1269 1052 1346 utrum
1074 1278 1188 1349 futuro
1204 1283 1277 1371 quis

164 1401 208 1444 an
228 1380 439 1446 coniunctivo
460 1389 581 1446 utatur.
634 1383 724 1448 Nam
740 1382 776 1448 in
797 1381 866 1448 hoc
888 1404 1025 1470 quoquc
1046 1406 1173 1474 genere
1188 1386 1278 1454 indi·

164 1482 263 1548 cativi
280 1480 367 1554 hacc
384 1483 433 1551 vis
453 1493 522 1565 est,
549 1492 585 1550 ut
602 1485 647 1550 ad
669 1494 797 1551 certam
819 1486 1013 1575 opinionem
1027 1487 1276 1557 voluntatemve

79 1579 90 1593 ’
162 1584 338 1657 referatur.
391 1585 438 1652 Et
459 1587 746 1674 quemadmodum
764 1588 874 1655 multis
891 1588 925 1654 in
945 1589 1066 1674 rebus,
1090 1590 1138 1656 ita
1156 1591 1190 1657 in
1208 1590 1275 1659 hac

163 1687 528 1777 quoqueGermanica
551 1692 664 1783 lingua
681 1713 758 1758 cum
781 1691 915 1758 Graeca
936 1693 1108 1776 convenit,
1136 1695 1275 1762 coniun-

163 1791 251 1857 ctivo
272 1800 374 1880 atque
389 1793 570 1861 indicativo
591 1805 686 1863 utens
711 1794 832 1861 eadem
859 1817 936 1860 cum
960 1795 1143 1862 sententiae
1162 1796 1275 1865 ‹liver-

161 1893 274 1978 sitate‚
310 1895 371 1961 nisi
398 1896 492 1984 quod
515 1919 580 1987 pro
605 1899 719 1964 futuro
740 1898 925 1986 praesentis
943 1896 1157 1964 indicativum
1176 1922 1275 1967 usur-

160 2006 230 2089 pat.
282 1998 474 2067 Declarabo
491 2023 621 2068 remeo
637 2001 814 2090 exemplo,
842 1998 936 2088 quod
957 2022 977 2066 e
999 1999 1154 2091 Cyclope
1168 2001 1272 2083 attuli.

161 2100 198 2168 Si
216 2100 351 2168 dixisset
366 2099 460 2182 ὅπως
478 2097 589 2199 λάβῃς
610 2109 725 2191 πιεῖν,
753 2102 835 2169 nihil
857 2101 948 2168 aliud
973 2124 1076 2189 quam
1099 2106 1273 2172 consilium

97 2268 100 2275 .
159 2202 356 2291 iudicasset,
392 2228 462 2293 quo
481 2206 539 2272 ille
560 2207 700 2297 emungi
717 2205 875 2291 deberet,
902 2213 939 2271 ut
958 2206 1120 2295 poculum
1135 2209 1273 2298 accipe-

159 2314 220 2374 ret
272 2307 362 2374 lllud
382 2331 464 2376 vero
484 2310 585 2400 plane
608 2311 774 2377 incertum
798 2309 1059 2398 relinqueretur,
1087 2331 1130 2376 an
1150 2300 1273 2378 deinde

159 2431 239 2477 vere
254 2419 341 2478 esset
362 2421 571 2504 accepturus.
623 2414 671 2481 At
689 2433 795 2502 quum
817 2412 898 2480 dicit
922 2408 1016 2493 ὅπως
1036 2404 1147 2509 λη’ψει
1163 2419 1271 2501 πνεῖν,

159 2512 257 2581 simul
270 2513 436 2608 significat
449 2538 522 2584 esse
536 2525 767 2608 accepturum.

286 2867 353 2939 De
378 2873 452 2943 ἵνα
479 2879 525 2941 et
550 2867 607 2944 ἵν’
634 2869 687 2945 ἄν
714 2893 811 2942 com
839 2866 1139 2938 coniunctium

258 3023 447 3092 Permirum
455 3023 489 3090 in
501 3024 567 3091 bac
587 3011 780 3115 quaestione
794 3021 879 3090 illud
893 3021 1024 3109 accidit,
1040 3021 1146 3110 quod,
1163 3042 1268 3111 quum

157 3121 202 3206 uic
225 3134 259 3193 et
282 3123 376 3206 ὅπως
399 3137 440 3196 nt
464 3128 687 3220 significantes
709 3127 902 3219 saepissime
929 3148 1006 3192 cum
1032 3125 1198 3216 particula
1222 3124 1269 3197 ἄν

157 3230 410 3321 coniungantur,
437 3253 506 3298 non
519 3232 558 3299 fit
570 3231 662 3300 idem
675 3233 709 3298 in
721 3229 887 3322 particula
899 3235 970 3314 ἴνα,
997 3251 1085 3318 quae
1100 3237 1168 3294 tam
1184 3251 1268 3295 con-

156 3339 281 3400 stanter
296 3333 366 3400 sine
389 3332 435 3404 σῖν
455 3344 655 3426 usurpatur,
680 3343 737 3418 ut,
764 3333 870 3401 sicubi
892 3331 1059 3398 adiectum
1080 3332 1267 3420 reperiatur

156 3430 216 3521 ἄν,
233 3457 302 3503 uon
316 3437 482 3503 immerito
496 3437 531 3502 in
545 3439 615 3504 vitii
630 3437 855 3527 suspicionem
869 3435 1024 3503 incurrat.
1057 3432 1267 3514 Brunckium

155 3537 261 3626 enim,
295 3539 353 3626 qui
378 3539 423 3605 ad
448 3536 537 3611 Oed.
560 3539 635 3613 Col.
658 3538 744 3607 188.
772 3533 820 3610 ἵν’
843 3535 908 3616 ἄν,
931 3533 980 3616 'cic
1000 3533 1067 3623 ἄν,
1096 3533 1189 3614 ὅπως
1210 3532 1267 3618 ἄν,

154 3644 193 3706 ut
205 3641 442 3732 significanter,
468 3643 592 3733 passim
609 3643 724 3711 obvias
741 3664 814 3710 esse
828 3639 951 3722 scribit,
978 3637 1152 3720 memoria,
1172 3637 1266 3724 quod
1329 3670 1332 3675 ·

153 3741 199 3807 ad
214 3739 264 3814 ἵν’
290 3743 335 3815 oin
353 3746 487 3829 attinet,
513 3745 642 3815 fefellit.
697 3745 782 3830 Quis
798 3753 913 3810 'tamen
931 3765 1029 3822 casu,
1056 3763 1096 3806 ac
1115 3761 1182 3806 non
1197 3762 1264 3830 po-

152 3843 217 3912 tius
236 3847 367 3914 ratione
391 3847 538 3936 quadarn
559 3849 687 3917 factum
709 3848 857 3939 putabit,
892 3853 929 3910 ut
951 3842 996 3914 civ
1022 3865 1090 3909 non
1110 3843 1265 3910 eamdem

154 3968 231 4014 curn
246 3956 305 4021 ἵνα
312 4004 325 4038 ,
355 3973 458 4040 quam
475 3960 552 4018 crim
570 3948 664 4032 ὅπως
681 3960 715 4019 et
733 3948 777 4030 οἷς
791 3949 984 4016 societatem
998 3946 1134 4013 inierit?
1160 3945 1265 4030 Quod

153 4049 180 4116 si
196 4074 264 4139 qua
280 4062 331 4120 est
347 4053 446 4121 huius
464 4055 514 4121 rei
538 4057 640 4142 ratio,
661 4077 730 4122 non
746 4059 860 4143 potest
875 4073 914 4137 ea
927 4072 996 4116 non
1006 4050 1040 4116 in
1056 4050 1130 4140 ipsa
1148 4057 1266 4115 natura

151 4156 338 4242 particulae
353 4164 412 4229 ἴνα
428 4159 545 4224 inesse.
587 4158 689 4226 Cuius
704 4156 869 4248 originem
884 4153 995 4243 aliqua
1008 4175 1049 4220 ex
1065 4160 1162 4243 parte
1177 4150 1266 4218 bene

152 4258 310 4349 explicuit
331 4259 601 4353 Hoogeveenus,
628 4283 733 4352 quum
754 4281 828 4328 eam
842 4257 925 4324 vidit
943 4256 987 4323 ad
1002 4276 1191 4346 pronomen
1207 4276 1265 4321 re·

999 4373 1055 4442 12
