2918 4890
1 241 3 245 ’
142 267 208 330 soe
436 260 955 322 unnrrnnnonn

247 450 423 528 α’νσίθεον
438 447 678 547 Πολύδωρον,
706 451 783 524 ἐπεὶ
800 444 907 544 βάλες
924 445 1002 533 diei·
1013 448 1130 546 δουρί.

147 606 331 694 Quomodo
342 606 398 675 rlle
413 605 626 688 occubuerit,
653 613 821 672 narratum
842 604 917 672 XX.
936 600 1024 670 411.

249 754 294 855 (λη’
306 752 396 833 τότε
407 757 595 880 νηπιέῃσι,
621 751 781 829 ποδῶν’
757 782 892 883 αρενην
908 750 1141 877 ἀναφαίνων,

251 862 341 936 θῦνε
354 854 417 934 δια
430 851 651 956 προμάχων,
670 865 748 939 εἵως
762 857 870 954 φίλον
883 855 991 932 ὤλεσε
1006 851 1144 951 θυμόν

248 959 316 1038 rii
329 956 420 1058 βοῖλε
435 963 570 1055 μέσσον
588 959 716 1035 ἄκοντι
731 955 909 1059 ποδάρνης
926 963 1001 1041 dioc
1013 952 1205 1052 Ἀχελλευς

250 1067 370 1154 νσῖτα,
396 1070 671 1160 παραισσοντος.

148 1224 247 1308 Quae
270 1221 375 1289 verba
400 1219 561 1308 quicum
586 1219 648 1286 illis
675 1226 870 1308 comparet,
907 1215 1008 1283 facile
1026 1213 1160 1301 videat,
1195 1215 1259 1304 qui

148 1325 295 1420 πρυλέες
315 1323 489 1410 dicuutur,
515 1313 725 1415 προμάχους
739 1319 869 1411 potius,
895 1341 998 1407 quam
1020 1317 1154 1409 pedites
1177 1340 1259 1386 esse

147 1425 404 1521 intelligendos:
437 1446 643 1514 quamquam
664 1423 765 1491 etiam
785 1422 927 1513 amplius
954 1421 1037 1511 quid
1058 1421 1259 1514 significari,

149 1530 277 1623 pedum
294 1527 490 1619 pernicitas,
518 1548 585 1615 qua
605 1527 749 1594 confisus
771 1525 872 1592 fuerit
892 1524 1104 1615 Polydorus,
1130 1523 1257 1616 arguit.

5 1677 7 1681 -
149 1634 202 1701 Ea
217 1632 305 1700 enim
320 1628 567 1722 pyrrhichistae
587 1630 690 1696 virtus
707 1637 767 1696 est
820 1627 924 1716 Atqui
938 1627 1142 1720 pyrrhicha‚
1167 1635 1259 1696 teste

151 1735 329 1804 Aristotele
352 1731 448 1824 apud
467 1731 682 1800 scholiastam
702 1729 838 1798 Pindari
864 1730 908 1797 ad
931 1728 1033 1821 Pytlu
1058 1729 1101 1798 n
1123 1727 1212 1800 12⁸1.
1236 1754 1259 1798 a

150 1838 284 1931 Cypriis
304 1831 430 1930 πρύλες
453 1836 652 1918 vocabatur,
678 1857 766 1922 quae
783 1835 925 1925 proprie
944 1833 1108 1902 Curetum
1125 1842 1260 1902 armata

11 1990 16 1999 -
151 1941 281 2010 saltatio
298 1949 364 2028 est,
391 1948 576 2007 memorata
592 1935 801 2008 Callimacho
821 1933 1019 2010 h.10v.52.

252 2107 343 2185 οὖλα
362 2110 400 2183 δὲ
415 2103 605 2204 Κούρητες
624 2108 663 2182 σὲ
676 2110 761 2206 πέρι
774 2101 902 2205 αρύλιν
917 2099 1149 2204 ὠρχήσαντο,

253 2207 383 2304 τεύχεα
396 2207 637 2308 αεσλήμοντες
644 2265 658 2300 ,

151 2368 310 2436 translata
327 2365 372 2432 ad
387 2366 602 2433 Amazones
592 2365 678 2438 mlr.
693 2364 821 2433 Dianae
837 2387 868 2431 v
886 2359 974 2434 24⁰.

257 2513 367 2589 orirer
359 2513 440 2604 'd',
470 2511 608 2588 Οὖπι
582 2541 741 2594 ανασσα,
769 2515 853 2608 πέρι
864 2507 1039 2640 πρύλιν’
1010 2508 1240 2638 αρχήσαντο,

256 2620 382 2741 πρῶτα
397 2565 498 2711 pli
479 2645 518 2692 εν
538 2620 723 2742 σακέεσσιν
741 2610 928 2705 ἐνόπλιον,
949 2611 1044 2690 αὖθι
1062 2617 1101 2691 dl
1114 2610 1233 2713 νανλῳ
1338 2710 1342 2720 ρ
1449 2618 1452 2625 '

256 2748 479 2820 στησαμόναλ
495 2713 605 2817 χθρόν
619 2715 737 2819 81191111.

153 2877 207 2944 De
223 2898 265 2943 ea
280 2873 451 2942 saltatione
462 2873 600 2941 videndi
613 2874 812 2942 Hoeclrius
803 2897 839 2940 m
852 2871 974 2942 Cretae
991 2877 1057 2942 vol.
1073 2872 1099 2943 1.
1113 2895 1152 2964 p.
1167 2870 1259 2941 213.

154 2988 188 3046 et
205 2975 248 3046 Ο.
266 2975 431 3046 Mullorus
448 2976 482 3044 iu
500 2977 715 3045 Doriensium
735 2977 801 3044 vol.
817 2976 859 3044 11.
875 2999 911 3068 p.
927 2974 1012 3045 25⁰.
1029 2985 1064 3045 et
1078 2974 1164 3048 337.
1201 2975 1271 3054 Ex,

154 3081 205 3148 his
229 3080 384 3161 eflicitur,
408 3087 449 3147 ut
466 3081 612 3176 πρυλέες
633 3080 774 3172 proprie
793 3078 872 3147 dieti
894 3080 1071 3149 videantm
1082 3078 1260 3172 praesules

154 3184 223 3252 sive
244 3183 487 3275 praesultores,
514 3181 669 3270 quiante
691 3191 841 3251 caeteros
859 3184 1031 3276 progressi
1047 3183 1261 3253 saltationem

155 3309 233 3354 cum
253 3286 350 3354 armis
367 3284 545 3377 praeirent.
597 3285 711 3376 Atque
730 3309 773 3354 ex
794 3287 1045 3378 praepositione
1065 3280 1139 3381 πρό
1163 3294 1261 3355 eerte

154 3389 346 3458 factumest
366 3410 510 3470 nomen,
537 3388 598 3456 nisi
617 3389 717 3457 etiam
733 3411 775 3456 ex
791 3381 886 3469 λεῶς.
937 3391 1027 3458 Nam
1046 3388 1260 3482 grammatici

154 3516 237 3582 quas
259 3490 479 3559 derivationes
500 3489 662 3579 afferunt,
688 3492 886 3584 perineptae
900 3502 984 3564 suut
1034 3493 1132 3560 Idem
1143 3491 1262 3584 tripu-

155 3595 200 3664 dii
221 3595 301 3663 ritus
325 3594 459 3662 Rornae
480 3594 676 3662 observatus
695 3595 739 3662 ab
764 3595 884 3681 Saliis,
911 3595 1096 3686 dequibus
1118 3595 1260 3665 Festus:

155 3699 421 3768 redemtiuare
457 3696 597 3764 dicitur
631 3697 668 3764 io
701 3697 894 3768 Saliorum
933 3696 1287 3793 exsultationibust,
1324 3750 1327 3758 .

156 3824 264 3892 quum
279 3801 436 3894 praesul
459 3800 680 3884 omtruavit,
714 3802 814 3893 quod
833 3809 888 3871 est
911 3811 1031 3874 motus
1059 3801 1196 3890 edidit,
1224 3802 1262 3870 ei

155 3903 368 3998 reseruntur
382 3903 531 3973 invicem
547 3903 658 3973 iidem
672 3914 800 3975 motus.
855 3905 1038 3976 Lucilius:

200 4074 356 4168 μεαοεαλ
370 4082 411 4142 ut
426 4082 586 4143 amlruet
600 4072 696 4163 liiiio,
713 4084 753 4144 ut
768 4076 904 4170 vulgus
915 4077 1148 4147 redumtruet
1159 4075 1259 4146 inde.

130 4244 263 4329 oconf.
278 4240 406 4311 Nonius
420 4242 453 4311 in
466 4266 499 4314 r.
515 4245 790 4335 redumlruore,
816 4255 852 4314 et
868 4211 1111 4317 Gutberlethus
1128 4247 1172 4317 de
1189 4247 1260 4317 Sa-
