2918 4890
556 282 641 344 mu.
663 283 688 344 1.
732 283 824 348 cru.
846 289 879 350 ε.
1226 291 1271 355 aa
1358 288 1391 359 ·,

167 474 227 543 Sic
241 471 335 563 apud
348 471 589 563 Thucydidem
604 473 628 543 l.
649 472 708 542 33.
734 475 913 545 Bekkcrus
936 475 1056 546 edidit:
1081 471 1270 571 γενήσεται

168 573 251 649 δέ
229 581 318 666 υμῖν
348 577 582 666 πειθομένοις
608 572 740 674 ιιαλή
718 605 738 704 ή
761 578 930 670 ξιιντυχιόι
956 607 1050 651 κατα
1042 574 1186 652 πολλα
1208 582 1272 676 τῆς
1384 650 1390 661 ,

168 677 348 806 ήμετέρας
364 703 501 768 χρειας,
524 679 669 772 πρῶτον
691 682 759 770 μὲν
780 678 840 755 ὅτι
861 677 926 753 ουίι
948 677 1192 774 ἀδικουμένοις
1211 711 1271 753 ιιαι

169 782 318 905 ἑτέρους
337 777 542 872 βλάπτουσι
565 773 630 875 τήν
651 782 860 902 ἐπικουρίαν
881 776 1096 904 ποιήσεσθε,
1130 785 1270 872 ἔπειτα,

169 881 338 978 περὶτῶν
353 881 531 972 μεγίστων
551 877 821 963 κινδυνεύοντας
837 878 1044 975 δεξάμενοι,
1072 883 1116 965 nic
1129 883 1175 956 ἄν
1192 911 1271 977 μα-

169 989 279 1056 λιστα
295 980 380 1073 μετ’
406 978 626 1077 ἀειμνήστου
649 985 854 1080 μαρτυρίου
878 979 945 1085 τήν
962 979 1069 1105 χάριν
1090 992 1272 1059 καταθεῖ-

170 1095 253 1159 σθε.
304 1086 399 1154 Libri
423 1080 637 1180 ιιατοέθησθε
659 1089 714 1156 vel
739 1087 973 1183 ιιαταθήσθεε
1006 1089 1039 1154 in
1059 1112 1126 1156 uno
1151 1087 1271 1186 codq

170 1213 192 1256 a
207 1199 397 1258 correctore
418 1189 453 1254 in
469 1189 578 1278 spatio
596 1187 737 1256 duarum
750 1191 931 1256 litterarum
948 1213 1073 1281 capace
1092 1201 1271 1261 exaratum.
1279 1198 1282 1205 '

105 1304 108 1309 '
169 1293 224 1361 Ac
240 1304 333 1360 recte
348 1291 484 1380 quidem
500 1290 694 1360 Bekkerus:
721 1292 864 1360 sednon
881 1300 992 1369 tamen
1013 1293 1194 1359 absurdum
1208 1301 1270 1379 cst,

89 1380 99 1405 ⁸
170 1395 265 1484 quod
281 1393 338 1462 Fr.
353 1394 512 1461 Volcmar
527 1392 748 1481 Fritzschius,
780 1394 906 1463 iuvenis
923 1395 1010 1465 bene
1035 1395 1069 1460 in
1095 1393 1147 1462 his
1179 1395 1271 1462 litte-

169 1499 216 1565 ris
242 1505 400 1581 vcrsatns‚
428 1495 634 1582 coniiciebat,
660 1490 926 1592 καταθήσεσθε.
977 1494 1122 1566 Omnino
1149 1505 1272 1583 autem,

169 1600 233 1668 nisi
248 1600 357 1683 fallor,
380 1600 414 1665 in
433 1599 580 1686 qualibet
595 1600 779 1667 accessoria
792 1609 888 1690 parte
906 1601 1085 1668 sentcntiae
1099 1599 1144 1671 οἲν
1160 1600 1273 1668 locum

170 1702 295 1785 habet,
330 1703 356 1769 si
378 1702 424 1768 illi
444 1701 508 1792 ipsi
530 1701 619 1792 parti
642 1701 768 1791 aliquid
786 1703 912 1769 fortuiti
935 1701 1191 1782 adscribendum
1210 1710 1270 1769 est.

170 1805 290 1887 Quare
311 1827 378 1871 non
400 1804 571 1872 soloecum
592 1828 663 1872 esse
686 1815 789 1896 puto,
816 1803 911 1895 quod
924 1826 1008 1873 unns
1022 1806 1146 1874 alterve
1163 1803 1272 1874 codex

171 1908 206 1973 in
221 1906 392 1998 Aristoph.
406 1907 496 1974 Nub.
511 1903 597 1979 465.
608 1908 767 1998 praebet,

340 2052 413 2153 cipri
431 2086 469 2150 με
484 2054 591 2132 τοῦτ’
608 2056 652 2132 ἄν
668 2051 735 2154 ε’μέ
749 2053 835 2132 ποτ’,

340 2159 501 2255 ὄψομαις

174 2316 253 2384 Non
281 2315 367 2382 enim
388 2315 432 2383 ad
452 2314 615 2402 futurum,
643 2308 703 2386 scd
722 2314 767 2384 ad
782 2314 893 2390 τοῦτο
908 2311 1123 2384 referendum
1145 2311 1241 2382 est
1215 2341 1273 2438 aa,

63 2468 67 2475 -
175 2417 280 2502 Quod
303 2419 494 2509 explicatius
515 2420 562 2486 ita
582 2413 743 2489 dicas:
718 2412 791 2514 αριῖ
808 2448 847 2512 με
869 2414 975 2491 τουτ’
997 2415 1042 2489 οἶν
1064 2419 1135 2513 εἴη,
1170 2409 1273 2508 ba’yoi
1318 2451 1321 2457 ’

174 2547 247 2592 ποτ
278 2517 445 2646 ὄψομαι,
471 2520 604 2590 Caeterr
616 2523 691 2590 lrbrr
706 2532 740 2590 et
754 2516 943 2591 Surdas
918 2547 990 2615 αρα
1003 2548 1043 2610 με
1056 2545 1172 2592 cova
1188 2515 1272 2611 ἄρ,

173 2623 321 2690 Venetus
330 2617 440 2718 ‚uoci
458 2652 497 2716 με
514 2621 619 2697 τοῦτ’
634 2619 699 2719 cip
709 2679 722 2712 ,
749 2635 786 2692 ut
801 2623 967 2715 Rersrgrns
986 2619 1099 2690 edidit
1151 2620 1222 2690 Sed
1235 2629 1273 2687 ut
1356 2674 1361 2683 ,

176 2722 248 2821 ἄρα
265 2676 391 2815 posi
367 2753 438 2819 αρα
461 2725 595 2794 defendi
615 2726 739 2818 possit,
766 2755 838 2822 αρα
860 2750 927 2794 nou
943 2732 1063 2817 potest
1116 2722 1273 2792 Similiter

174 2828 209 2894 in
232 2829 378 2895 Platonis
395 2829 638 2921 Phaedonep
666 2826 727 2895 61.
752 2827 791 2896 C.
819 2822 944 2918 σχεδον
965 2853 1092 2907 ουν,
1076 2820 1222 2907 sileio
1205 2817 1274 2916 syci
1375 2847 1376 2851 ’
1439 2786 1442 2791 ⁶

175 2926 363 3026 ᾔσθημαι,
398 2927 479 3003 ουδ’
504 2929 700 3011 (inoculatio
723 2959 768 3002 αν
791 2957 849 3002 σοι
873 2921 960 3002 ἑιων
984 2922 1078 3000 εἶναι
1097 2925 1271 2998 nsi-omn

173 3031 242 3099 Hic
257 3053 392 3122 qnoque
407 3034 519 3101 nescio
537 3057 579 3101 an
592 3056 612 3100 a
624 3031 848 3126 grammaticis
860 3031 1033 3123 expulsum
1043 3030 1084 3097 sit
1096 3026 1153 3117 ἄν,
1180 3025 1274 3118 quod
1394 3127 1395 3131 Ἰ

176 3135 301 3201 abest
292 3158 325 3201 rn
349 3136 550 3204 membranis
579 3137 770 3204 Bodleianis
800 3145 834 3203 et
855 3134 924 3202 aliis
945 3131 1146 3222 quibusdam
1171 3129 1272 3200 codd.

61 3293 63 3296 ι
169 3236 377 3328 Xenophon
405 3238 534 3367 Cyrpp.
558 3238 631 3312 Vll.
653 3236 689 3327 5,
712 3238 772 3306 21.
795 3233 949 3310 νῦνδΗ
931 3229 991 3309 εντ’
1015 3227 1272 3324 αυτοδςῖωμεν

176 3343 214 3414 ἐν
241 3368 267 3434 ῳ
254 3336 418 3449 πολλοὶ
439 3341 507 3432 μὲν
530 3336 650 3413 αὐτῶν
675 3333 911 3427 καθεύδουσι,
943 3335 1069 3409 πολλοι
1093 3332 1131 3408 δ
1154 3332 1273 3406 αυτῶν

174 3411 380 3534 μεθύουσι,
413 3468 543 3523 παντες
573 3444 610 3516 δε
641 3435 861 3515 ἀσύντακτοί
884 3442 990 3512 εἰσιν
1032 3436 1122 3511 ὅταν
1151 3435 1274 3509 δὲκαὶ

154 3541 422 3616 ἀἴσθωνται
401 3545 493 3640 ημᾶς
512 3543 651 3617 ἕνδον”
630 3571 747 3625 ουτος,
774 3536 909 3615 coiri
884 3570 929 3614 αν
944 3543 999 3615 ἔτι
1014 3535 1191 3632 μᾶλλον
1168 3565 1190 3634 η
1209 3564 1274 3627 νμν

177 3642 318 3740 οἱχρειοι
335 3647 480 3719 ἔσονται
497 3640 569 3718 cinci
584 3672 651 3718 του
638 3645 920 3738 ’.ἐκπεπλῆχθαι
971 3641 1060 3710 Huic
1073 3643 1150 3708 loco
1168 3638 1274 3708 simil-

176 3748 272 3815 limus
291 3757 342 3816 cst
362 3748 417 3815 hlc
445 3747 628 3816 Dinarchi
618 3773 653 3816 rn
671 3744 845 3818 Demosth.
863 3742 898 3840 §.
922 3744 1006 3811 111.
1024 3761 1083 3843 p.
1082 3741 1142 3810 73.
1157 3743 1272 3816 Reisk.

176 3843 229 3943 μή
243 3877 308 3922 συν
328 3848 491 3940 ἄχθεσθε
512 3876 625 3923 αυτου
612 3849 899 3929 scalmorum
892 3820 1156 3972 ὀδυρομένου·
1182 3840 1274 3918 πολυ

90 4028 92 4032 .
176 3977 245 4045 μορ
262 3951 306 4023 οἷν
322 3946 548 4078 δικαιότερον
565 3947 725 4049 ελεήσετι
737 3945 805 4048 τήν
820 3942 958 4072 χήραν,
985 3947 1028 4042 ἢν
1044 3944 1149 4029 οὗτος
1165 3949 1275 4020 κατέ-

177 4079 304 4176 στησεν
327 4083 375 4135 εις
393 4050 597 4159 κινδύνους,
623 4054 778 4127 τοιαῦτα
797 4038 977 4144 nosiacus.
1028 4051 1205 4119 Bckkcrus
1227 4049 1275 4117 ibi
1349 4068 1352 4074 ‘

70 4162 74 4170 '
177 4149 358 4252 ἐλεήσαιτε
376 4177 417 4226 ex
433 4154 622 4226 coniectura
638 4157 751 4243 edidit,
767 4153 866 4222 valde
879 4153 937 4223 illa
953 4151 1088 4244 quidem
1095 4151 1274 4245 probabili,

177 4257 238 4325 sed
259 4267 371 4327 tamen
393 4278 461 4328 non
484 4259 656 4330 evidenter
676 4257 869 4330 necessaria.
921 4256 1000 4327 Νοα
1019 4263 1132 4350 potest
1155 4275 1275 4348 repro·
1351 4263 1353 4268 ’
1424 4230 1433 4256 ’

227 4374 347 4446 Hnnu.
369 4377 436 4451 01².
461 4380 519 4449 lv.
1037 4374 1069 4446 0
1170 4468 1173 4472 p
1208 4429 1210 4436 s
