2918 4890
524 279 917 358 amuclero.
1080 242 1087 248 ’
1237 285 1280 349 m

168 472 344 546 consilium
360 470 530 559 facientiS,
556 461 625 538 uon
646 469 765 553 etiam,
792 493 834 537 an
851 477 1047 538 eventumm
1062 471 1105 538 sit
1118 472 1211 561 quod
1223 474 1280 544 ille
1363 503 1365 508 ·

167 580 249 665 vult,
275 575 424 644 indicare
441 575 546 658 voles,
566 574 720 641 omnibus
737 574 944 664 temporibus
964 574 1149 666 adiungere
1166 577 1280 645 licebit

167 681 358 774 optativum
373 675 467 757 ὅπως
481 679 641 770 ya'uocro:
668 678 718 744 sin
734 699 817 744 vero
834 677 878 744 dc
894 685 1015 745 eventu
1032 677 1195 768 loqueris,
1222 681 1279 770 qui
1335 719 1344 775 '.

167 787 236 853 iam
253 793 304 852 est
319 781 479 869 effectus,
506 800 618 869 neque
632 780 756 871 respici
768 780 818 848 ris
832 778 915 847 illud
928 789 1079 872 tempus,
1106 805 1175 872 quo
1191 806 1280 851 non-

168 890 252 956 dum
282 885 410 972 evenit,
443 884 631 951 necessario
659 884 750 950 dices
780 882 968 980 ἐποίησεν,
1002 880 1096 980 ὅπως
1122 887 1277 977 γένοιτο,

169 989 344 1059 consilium
356 988 464 1056 solum
483 980 684 1078 significans.
735 987 825 1053 Nam
846 987 877 1054 si
901 980 995 1065 ὅπως
1016 987 1164 1084 γένηὼαι
1183 989 1279 1058 dicc-

168 1117 234 1180 res,
261 1101 319 1160 aut
336 1091 458 1159 falsum
473 1084 612 1176 diceres,
643 1091 670 1157 si
683 1102 829 1180 tempus,
856 1111 924 1178 quo
937 1090 1096 1178 loqueris,
1120 1091 1154 1159 in
1167 1102 1279 1162 mente

168 1198 332 1264 haberes:
359 1215 429 1261 non
454 1194 543 1260 enim
558 1193 710 1284 ,amplius
732 1192 933 1260 futurus'est
950 1200 1105 1281 eventuS,
1132 1196 1193 1262 sed
1211 1197 1279 1264 iam

168 1298 358 1392 praeteriit:
387 1304 444 1364 aut
464 1296 651 1387 respiceres
667 1306 802 1386 tempus
817 1293 916 1379 illud,
943 1317 1013 1384 quo
1029 1297 1179 1366 nondum
1198 1322 1278 1369 eve-

167 1411 283 1482 nerat:
311 1398 404 1490 quod
420 1408 454 1466 te
467 1400 557 1468 nolle
574 1401 744 1492 respicere
761 1400 969 1492 sumpsimus

354 1757 447 1842 ,De
473 1756 770 1841 coniunctivo
789 1754 1071 1850 profuturo.

273 1908 526 2002 Explicabimus
543 1911 654 2001 primo
669 1908 712 1978 de
729 1909 950 1977 coniunctivo.
1001 1910 1069 1996 Qui
1083 1910 1203 1981 modus
1217 1915 1279 1982 etsi

170 2010 267 2104 apud
283 2015 525 2103 antiquissimos
539 2015 584 2084 ita
598 2036 664 2105 pro
683 2014 797 2090 futuro
814 2021 992 2104 usurpatus
1007 2022 1066 2098 est,
1092 2023 1140 2098 ut,
1166 2016 1278 2106 siquis

170 2115 266 2184 verbi
288 2115 412 2188 Graeci
433 2127 586 2185 naturam
608 2118 794 2185 accuratius
812 2116 1016 2203 consideret,
1043 2116 1197 2185 dubitare
1211 2142 1278 2187 non

170 2220 292 2312 possit,
308 2218 400 2311 :quin
413 2222 508 2312 prior
526 2221 640 2288 futuro
661 2221 836 2307 exstiterit,
861 2219 965 2308 idque
985 2241 1027 2286 ex
1045 2219 1121 2310 ipso
1143 2218 1279 2290 demum

170 2307 336 2414 originem
355 2325 506 2412 traxerit:
532 2333 645 2391 tamen
662 2327 781 2391 natura
801 2345 861 2391 sua
879 2321 1013 2391 valdee
1034 2322 1147 2390 futuro
1165 2324 1278 2392 diver-

170 2448 226 2493 sus
241 2434 309 2511 es't,
335 2449 446 2515 neque
467 2450 571 2516 quum
592 2449 657 2518 pro
676 2449 718 2494 eo
729 2427 858 2519 positus
879 2425 1018 2517 dicitur,
1044 2423 1081 2493 id
1099 2427 1146 2494 sic
1161 2435 1212 2496 est
1224 2429 1278 2495 in-

169 2528 407 2620 telligendum,
434 2531 515 2598 acsi
531 2529 704 2617 eamdem,
729 2554 831 2621 quam
845 2530 1012 2616 futurum,
1037 2530 1160 2607 rimae
1177 2540 1279 2622 pote·
1351 2560 1355 2569 ·

171 2640 289 2698 statem
301 2631 454 2719 haberet.
485 2634 727 2725 ‘Repuguaret
743 2635 847 2720 enim,
873 2634 909 2700 in
922 2633 1044 2720 modo,
1072 2633 1130 2722 qui
1146 2643 1280 2703 nonest

169 2732 383 2821 indicativus,
409 2733 470 2802 sed
489 2735 667 2804 indicativo
683 2737 875 2828 oppositus,
902 2734 1057 2804 eamdem
1072 2736 1141 2803 vim
1160 2737 1278 2823 inesse,

145 2874 148 2877 ·
171 2846 327 2927 quaeest
349 2838 384 2905 iu
406 2837 604 2927 indicativo,
635 2839 801 2929 siquidem
822 2839 970 2905 futurum
987 2846 1105 2929 aperte
1123 2847 1174 2906 est
1188 2839 1278 2907 iudi-

171 2941 306 3009 cativus.
350 2939 589 3015 Coniunctivus
601 2943 705 3035 igitur
721 2965 763 3010 eo
780 2939 894 3009 differt
908 2940 952 3008 ab
970 2940 1147 3010 indicativo
1163 2942 1277 3029 futuri,

170 3043 265 3133 quod
279 3065 349 3112 non
369 3053 481 3135 potest
496 3068 561 3135 per
575 3067 611 3113 se
632 3047 720 3114 solus
738 3044 896 3136 intelligi,
923 3043 1002 3126 sed,
1027 3052 1064 3112 ut
1083 3045 1194 3136 ipsum
1213 3068 1277 3113 no-

169 3169 251 3214 men
268 3147 394 3214 indicat
401 3202 414 3236 ,
448 3146 584 3216 aliunde
611 3149 764 3240 pendere
790 3148 903 3216 debet.
955 3146 997 3214 ld
1021 3155 1153 3234 autem,
1186 3149 1277 3217 unde

169 3249 308 3341 pendet,
324 3273 435 3340 quum
448 3252 649 3344 plerumque
663 3251 815 3320 additum
829 3249 1023 3336 inveniatur,
1047 3259 1159 3318 tamen
1173 3274 1278 3342 saepe

171 3352 272 3420 etiam
295 3354 472 3442 omittitur,
500 3355 579 3446 quia
600 3379 704 3448 saepe
729 3357 877 3447 positum
895 3361 946 3420 est
966 3354 1001 3420 in
1016 3352 1161 3422 obscura
1178 3355 1277 3446 cogi·

169 3455 296 3524 tatione
317 3457 464 3526 incertae
485 3458 623 3526 alieuius
640 3481 795 3547 caussae,
822 3479 864 3524 ex
884 3479 951 3546 qua
966 3455 1049 3545 quid
1063 3456 1277 3547 proditurum

170 3559 222 3626 sit
272 3559 375 3649 Isque
391 3569 441 3628 est
451 3584 530 3629 usus
548 3563 749 3631 coniunctivi
763 3559 1009 3645 deliberativus,
1036 3567 1073 3626 ut
1085 3583 1186 3648 quum
1201 3559 1276 3649 quis

171 3660 253 3728 dicit
267 3663 309 3733 ἴω
316 3716 331 3752 ,
354 3661 449 3752 quod
471 3672 536 3750 est,
563 3663 590 3732 si
610 3666 711 3756 plene
729 3663 841 3732 dicere
857 3663 1026 3749 volemus,
1052 3657 1276 3758 ἁμφιςβητῶ,

171 3765 205 3835 εἰ
218 3765 270 3835 ἴω.
294 3796 296 3800 ’
317 3766 617 3859 alptecomparari
628 3776 741 3860 potest
757 3768 882 3857 duplex
897 3765 1028 3849 modus,
1049 3786 1117 3853 quo
1133 3764 1169 3831 id
1184 3764 1276 3833 Ger-

169 3867 261 3934 mani
275 3866 427 3957 dieimim,
454 3869 539 3938 alter
557 3893 635 3938 cum
651 3871 772 3938 eadem
784 3869 912 3960 ellipsi,
938 3890 1006 3957 qua
1021 3865 1155 3953 Graeci,
1180 3868 1277 3961 gelre

170 3967 256 4054 iob,
284 3971 368 4040 alter
387 3981 519 4040 servata
542 3974 722 4065 particula,
733 3972 736 3979 '
749 3981 783 4041 et
804 3971 909 4040 verbo
922 3978 1050 4038 tantum
1063 3971 1203 4058 omisso,
1232 3970 1276 4040 ob

169 4069 232 4140 iob
246 4073 351 4164 gebe.
403 4075 464 4144 Ac·
476 4077 643 4145 veterrimi
663 4076 808 4166 Graeci,
831 4073 982 4142 noudum
999 4083 1136 4165 reperto
1151 4074 1275 4159 futuro,

104 4250 107 4259 ,
170 4176 329 4264 quoniam
353 4176 519 4268 quidquid
542 4180 692 4248 futurum
712 4189 782 4267 cst,
805 4179 969 4246 incertum
995 4185 1065 4265 est,
1091 4179 1275 4268 quaerique
1304 4168 1317 4256 s

170 4276 216 4346 dc
245 4301 287 4348 eo
312 4290 417 4374 atque
437 4282 566 4376 ambigi
590 4278 720 4376 potest,
752 4289 991 4353 eventurumnc
1015 4281 1122 4350 sitan
1142 4303 1209 4349 non
1233 4280 1275 4349 sit
1343 4352 1348 4360 ,
1375 4320 1377 4324 -
