<?xml version="1.0" encoding="UTF-8"?>
<!DOCTYPE html PUBLIC "-//W3C//DTD XHTML 1.0 Transitional//EN"
    "http://www.w3.org/TR/xhtml1/DTD/xhtml1-transitional.dtd">
<html xmlns="http://www.w3.org/1999/xhtml" xml:lang="en" lang="en">
 <head>
  <title>
</title>
<meta http-equiv="Content-Type" content="text/html;charset=utf-8" />
  <meta name='ocr-system' content='tesseract 3.04.00' />
  <meta name='ocr-capabilities' content='ocr_page ocr_carea ocr_par ocr_line ocrx_word'/>
</head>
<body>
  <div class='ocr_page' id='page_1' title='image "./opuscula10hermgoog_0272.png"; bbox 0 0 2918 4890; ppageno 0'>
   <div class='ocr_carea' id='block_1_1' title="bbox 430 229 1334 359">
    <p class='ocr_par' dir='ltr' id='par_1_1' title="bbox 430 229 1334 359">
     <span class='ocr_line' id='line_1_1' title="bbox 430 229 1334 359; baseline 0.018 -29"><span class='ocrx_word' id='word_1_1' title='bbox 430 270 955 359; x_wconf 50' lang='lat' dir='ltr'><strong>arsenarum&gt;</strong></span> <span class='ocrx_word' id='word_1_2' title='bbox 1161 282 1224 344; x_wconf 81' lang='lat' dir='ltr'><strong>aar</strong></span> <span class='ocrx_word' id='word_1_3' title='bbox 1332 229 1334 237; x_wconf 12' lang='grc' dir='ltr'>γ</span> 
     </span>
    </p>
   </div>
   <div class='ocr_carea' id='block_1_2' title="bbox 114 459 1303 2921">
    <p class='ocr_par' dir='ltr' id='par_1_2' title="bbox 116 459 1303 2096">
     <span class='ocr_line' id='line_1_2' title="bbox 120 459 1224 553; baseline 0.006 -25"><span class='ocrx_word' id='word_1_4' title='bbox 120 470 207 529; x_wconf 86' lang='lat' dir='ltr'><strong>tasse</strong></span> <span class='ocrx_word' id='word_1_5' title='bbox 227 459 315 528; x_wconf 90' lang='lat' dir='ltr'><strong>haec</strong></span> <span class='ocrx_word' id='word_1_6' title='bbox 331 461 436 530; x_wconf 90' lang='lat' dir='ltr'><strong>verba</strong></span> <span class='ocrx_word' id='word_1_7' title='bbox 458 461 598 529; x_wconf 88' lang='lat' dir='ltr'><strong>suntab</strong></span> <span class='ocrx_word' id='word_1_8' title='bbox 620 462 687 549; x_wconf 84' lang='lat' dir='ltr'><strong>alio</strong></span> <span class='ocrx_word' id='word_1_9' title='bbox 698 462 717 548; x_wconf 72' lang='lat'><strong>,&#39;</strong></span> <span class='ocrx_word' id='word_1_10' title='bbox 734 484 837 553; x_wconf 92' lang='lat' dir='ltr'><strong>quam</strong></span> <span class='ocrx_word' id='word_1_11' title='bbox 856 461 913 550; x_wconf 88' lang='lat' dir='ltr'><strong>qui</strong></span> <span class='ocrx_word' id='word_1_12' title='bbox 932 463 1099 552; x_wconf 89' lang='lat' dir='ltr'><strong>reliquam</strong></span> <span class='ocrx_word' id='word_1_13' title='bbox 1116 466 1224 536; x_wconf 93' lang='lat' dir='ltr'><strong>adno-</strong></span> 
     </span>
     <span class='ocr_line' id='line_1_3' title="bbox 119 564 1226 656; baseline 0.006 -25"><span class='ocrx_word' id='word_1_14' title='bbox 119 564 279 632; x_wconf 83' lang='lat' dir='ltr'><strong>tationem</strong></span> <span class='ocrx_word' id='word_1_15' title='bbox 293 564 339 632; x_wconf 89' lang='lat' dir='ltr'><strong>ad</strong></span> <span class='ocrx_word' id='word_1_16' title='bbox 353 565 453 633; x_wconf 88' lang='lat' dir='ltr'><strong>istum</strong></span> <span class='ocrx_word' id='word_1_17' title='bbox 464 565 578 633; x_wconf 92' lang='lat' dir='ltr'><strong>locum</strong></span> <span class='ocrx_word' id='word_1_18' title='bbox 595 565 742 656; x_wconf 83' lang='lat' dir='ltr'><strong>scripsit:</strong></span> <span class='ocrx_word' id='word_1_19' title='bbox 770 565 892 633; x_wconf 78' lang='lat' dir='ltr'><strong>desunt</strong></span> <span class='ocrx_word' id='word_1_20' title='bbox 908 566 996 633; x_wconf 91' lang='lat' dir='ltr'><strong>enim</strong></span> <span class='ocrx_word' id='word_1_21' title='bbox 1014 568 1048 634; x_wconf 90' lang='lat' dir='ltr'><strong>in</strong></span> <span class='ocrx_word' id='word_1_22' title='bbox 1061 568 1226 638; x_wconf 77' lang='lat' dir='ltr'><strong>bono‘at-</strong></span> 
     </span>
     <span class='ocr_line' id='line_1_4' title="bbox 120 667 1223 764; baseline 0.008 -30"><span class='ocrx_word' id='word_1_23' title='bbox 120 689 187 757; x_wconf 92' lang='lat' dir='ltr'><strong>que</strong></span> <span class='ocrx_word' id='word_1_24' title='bbox 203 669 342 758; x_wconf 90' lang='lat' dir='ltr'><strong>antiquo</strong></span> <span class='ocrx_word' id='word_1_25' title='bbox 358 667 494 736; x_wconf 82' lang='lat' dir='ltr'><strong>codice:</strong></span> <span class='ocrx_word' id='word_1_26' title='bbox 521 667 590 734; x_wconf 91' lang='lat' dir='ltr'><strong>aliis</strong></span> <span class='ocrx_word' id='word_1_27' title='bbox 607 668 641 734; x_wconf 93' lang='lat' dir='ltr'><strong>in</strong></span> <span class='ocrx_word' id='word_1_28' title='bbox 664 667 756 735; x_wconf 91' lang='lat' dir='ltr'><strong>libris</strong></span> <span class='ocrx_word' id='word_1_29' title='bbox 772 676 945 760; x_wconf 89' lang='lat' dir='ltr'><strong>postrema</strong></span> <span class='ocrx_word' id='word_1_30' title='bbox 959 677 1106 757; x_wconf 86' lang='lat' dir='ltr'><strong>tautum,</strong></span> <span class='ocrx_word' id='word_1_31' title='bbox 1133 669 1223 764; x_wconf 75' lang='lat' dir='ltr'><strong>dorp</strong></span> 
     </span>
     <span class='ocr_line' id='line_1_5' title="bbox 120 765 1224 864; baseline -0.002 -21"><span class='ocrx_word' id='word_1_32' title='bbox 120 769 290 864; x_wconf 72' lang='grc' dir='ltr'><strong>ἐμφαίνει</strong></span> <span class='ocrx_word' id='word_1_33' title='bbox 304 765 503 860; x_wconf 76' lang='grc' dir='ltr'><strong><em>Αἰσχύλος,</em></strong></span> <span class='ocrx_word' id='word_1_34' title='bbox 529 778 606 838; x_wconf 91' lang='lat' dir='ltr'><strong>sunt</strong></span> <span class='ocrx_word' id='word_1_35' title='bbox 616 771 752 838; x_wconf 90' lang='lat' dir='ltr'><strong>omissa.</strong></span> <span class='ocrx_word' id='word_1_36' title='bbox 804 773 882 838; x_wconf 79' lang='lat' dir='ltr'><strong>non</strong></span> <span class='ocrx_word' id='word_1_37' title='bbox 894 771 1118 858; x_wconf 90' lang='lat' dir='ltr'><strong>intercedam,</strong></span> <span class='ocrx_word' id='word_1_38' title='bbox 1145 777 1224 862; x_wconf 91' lang='lat' dir='ltr'><strong>quin</strong></span> 
     </span>
     <span class='ocr_line' id='line_1_6' title="bbox 119 870 1235 965; baseline 0.005 -27"><span class='ocrx_word' id='word_1_39' title='bbox 119 870 206 940; x_wconf 87' lang='lat' dir='ltr'><strong>haec</strong></span> <span class='ocrx_word' id='word_1_40' title='bbox 230 873 352 954; x_wconf 88' lang='lat' dir='ltr'><strong>veteris</strong></span> <span class='ocrx_word' id='word_1_41' title='bbox 374 882 408 942; x_wconf 91' lang='lat' dir='ltr'><strong>et</strong></span> <span class='ocrx_word' id='word_1_42' title='bbox 431 872 521 940; x_wconf 90' lang='lat' dir='ltr'><strong>docti</strong></span> <span class='ocrx_word' id='word_1_43' title='bbox 540 875 750 965; x_wconf 85' lang='lat' dir='ltr'><strong>grammatici</strong></span> <span class='ocrx_word' id='word_1_44' title='bbox 770 873 941 942; x_wconf 74' lang='lat' dir='ltr'><strong>adnotatio</strong></span> <span class='ocrx_word' id='word_1_45' title='bbox 964 897 1038 943; x_wconf 89' lang='lat' dir='ltr'><strong>esse</strong></span> <span class='ocrx_word' id='word_1_46' title='bbox 1058 873 1235 962; x_wconf 81' lang='lat' dir='ltr'><strong>credatur,</strong></span> 
     </span>
     <span class='ocr_line' id='line_1_7' title="bbox 119 968 1223 1072; baseline 0.005 -30"><span class='ocrx_word' id='word_1_47' title='bbox 119 999 183 1042; x_wconf 91' lang='lat' dir='ltr'><strong>nec</strong></span> <span class='ocrx_word' id='word_1_48' title='bbox 202 975 383 1063; x_wconf 83' lang='lat' dir='ltr'><strong>dubitabo,</strong></span> <span class='ocrx_word' id='word_1_49' title='bbox 411 974 544 1043; x_wconf 86' lang='lat' dir='ltr'><strong>dicatne</strong></span> <span class='ocrx_word' id='word_1_50' title='bbox 559 968 605 1048; x_wconf 78' lang='lat' dir='ltr'><strong>cd</strong></span> <span class='ocrx_word' id='word_1_51' title='bbox 619 977 699 1071; x_wconf 75' lang='grc' dir='ltr'><strong>ἑξῆςΙ</strong></span> <span class='ocrx_word' id='word_1_52' title='bbox 711 977 832 1070; x_wconf 71' lang='grc' dir='ltr'><em>δρᾶμα</em></span> <span class='ocrx_word' id='word_1_53' title='bbox 848 977 942 1068; x_wconf 87' lang='lat' dir='ltr'><strong>quod</strong></span> <span class='ocrx_word' id='word_1_54' title='bbox 962 977 996 1044; x_wconf 93' lang='lat' dir='ltr'><strong>in</strong></span> <span class='ocrx_word' id='word_1_55' title='bbox 1017 979 1151 1072; x_wconf 86' lang='lat' dir='ltr'><strong>trilogia</strong></span> <span class='ocrx_word' id='word_1_56' title='bbox 1163 1003 1223 1047; x_wconf 86' lang='lat' dir='ltr'><strong>ea-</strong></span> 
     </span>
     <span class='ocr_line' id='line_1_8' title="bbox 119 1077 1220 1169; baseline 0.005 -25"><span class='ocrx_word' id='word_1_57' title='bbox 119 1077 210 1168; x_wconf 90' lang='lat' dir='ltr'><strong>dem,</strong></span> <span class='ocrx_word' id='word_1_58' title='bbox 237 1102 280 1145; x_wconf 92' lang='lat' dir='ltr'><strong>an</strong></span> <span class='ocrx_word' id='word_1_59' title='bbox 293 1078 386 1168; x_wconf 90' lang='lat' dir='ltr'><strong>quod</strong></span> <span class='ocrx_word' id='word_1_60' title='bbox 399 1080 433 1146; x_wconf 91' lang='lat' dir='ltr'><strong>in</strong></span> <span class='ocrx_word' id='word_1_61' title='bbox 449 1079 567 1146; x_wconf 91' lang='lat' dir='ltr'><strong>codice</strong></span> <span class='ocrx_word' id='word_1_62' title='bbox 581 1101 641 1146; x_wconf 92' lang='lat' dir='ltr'><strong>suo</strong></span> <span class='ocrx_word' id='word_1_63' title='bbox 654 1080 845 1169; x_wconf 81' lang='lat' dir='ltr'><strong>proximum</strong></span> <span class='ocrx_word' id='word_1_64' title='bbox 860 1080 915 1148; x_wconf 87' lang='lat' dir='ltr'><strong>sit:</strong></span> <span class='ocrx_word' id='word_1_65' title='bbox 942 1103 1058 1148; x_wconf 88' lang='lat' dir='ltr'><strong>verum</strong></span> <span class='ocrx_word' id='word_1_66' title='bbox 1074 1083 1157 1149; x_wconf 91' lang='lat' dir='ltr'><strong>illud</strong></span> <span class='ocrx_word' id='word_1_67' title='bbox 1168 1092 1220 1150; x_wconf 93' lang='lat' dir='ltr'><strong>ta-</strong></span> 
     </span>
     <span class='ocr_line' id='line_1_9' title="bbox 118 1180 1221 1271; baseline 0.005 -24"><span class='ocrx_word' id='word_1_68' title='bbox 118 1204 196 1248; x_wconf 92' lang='lat' dir='ltr'><strong>men</strong></span> <span class='ocrx_word' id='word_1_69' title='bbox 215 1183 326 1249; x_wconf 88' lang='lat' dir='ltr'><strong>nescio</strong></span> <span class='ocrx_word' id='word_1_70' title='bbox 342 1205 386 1248; x_wconf 92' lang='lat' dir='ltr'><strong>an</strong></span> <span class='ocrx_word' id='word_1_71' title='bbox 402 1180 494 1248; x_wconf 90' lang='lat' dir='ltr'><strong>haud</strong></span> <span class='ocrx_word' id='word_1_72' title='bbox 513 1181 590 1249; x_wconf 90' lang='lat' dir='ltr'><strong>satis</strong></span> <span class='ocrx_word' id='word_1_73' title='bbox 607 1192 735 1248; x_wconf 90' lang='lat' dir='ltr'><strong>certum</strong></span> <span class='ocrx_word' id='word_1_74' title='bbox 751 1182 809 1271; x_wconf 90' lang='lat' dir='ltr'><strong>sit,</strong></span> <span class='ocrx_word' id='word_1_75' title='bbox 837 1183 976 1250; x_wconf 88' lang='lat' dir='ltr'><strong>aliorum</strong></span> <span class='ocrx_word' id='word_1_76' title='bbox 997 1207 1074 1251; x_wconf 91' lang='lat' dir='ltr'><strong>eum</strong></span> <span class='ocrx_word' id='word_1_77' title='bbox 1090 1187 1221 1252; x_wconf 88' lang='lat' dir='ltr'><strong>testium</strong></span> 
     </span>
     <span class='ocr_line' id='line_1_10' title="bbox 118 1283 1221 1375; baseline 0.005 -25"><span class='ocrx_word' id='word_1_78' title='bbox 118 1284 187 1351; x_wconf 88' lang='lat' dir='ltr'><strong>fide</strong></span> <span class='ocrx_word' id='word_1_79' title='bbox 205 1283 272 1350; x_wconf 94' lang='lat' dir='ltr'><strong>hoc</strong></span> <span class='ocrx_word' id='word_1_80' title='bbox 287 1285 468 1375; x_wconf 82' lang='lat' dir='ltr'><strong>scripsisse,</strong></span> <span class='ocrx_word' id='word_1_81' title='bbox 496 1294 530 1352; x_wconf 88' lang='lat' dir='ltr'><strong>et</strong></span> <span class='ocrx_word' id='word_1_82' title='bbox 545 1307 613 1350; x_wconf 94' lang='lat' dir='ltr'><strong>non</strong></span> <span class='ocrx_word' id='word_1_83' title='bbox 624 1307 683 1351; x_wconf 92' lang='lat' dir='ltr'><strong>sua</strong></span> <span class='ocrx_word' id='word_1_84' title='bbox 701 1285 847 1373; x_wconf 92' lang='lat' dir='ltr'><strong>quadam</strong></span> <span class='ocrx_word' id='word_1_85' title='bbox 864 1287 1056 1354; x_wconf 90' lang='lat' dir='ltr'><strong>coniectura</strong></span> <span class='ocrx_word' id='word_1_86' title='bbox 1071 1288 1221 1368; x_wconf 85' lang='lat' dir='ltr'><strong>ductum,</strong></span> 
     </span>
     <span class='ocr_line' id='line_1_11' title="bbox 118 1387 1222 1479; baseline 0.005 -25"><span class='ocrx_word' id='word_1_87' title='bbox 118 1387 277 1476; x_wconf 89' lang='lat' dir='ltr'><strong>qnoniam</strong></span> <span class='ocrx_word' id='word_1_88' title='bbox 306 1396 462 1477; x_wconf 91' lang='lat' dir='ltr'><strong>poetam,</strong></span> <span class='ocrx_word' id='word_1_89' title='bbox 484 1396 522 1454; x_wconf 91' lang='lat' dir='ltr'><strong>ut</strong></span> <span class='ocrx_word' id='word_1_90' title='bbox 542 1387 603 1475; x_wconf 91' lang='lat' dir='ltr'><strong>ait,</strong></span> <span class='ocrx_word' id='word_1_91' title='bbox 625 1387 662 1454; x_wconf 90' lang='lat' dir='ltr'><strong>id</strong></span> <span class='ocrx_word' id='word_1_92' title='bbox 684 1387 831 1456; x_wconf 90' lang='lat' dir='ltr'><strong>indicare</strong></span> <span class='ocrx_word' id='word_1_93' title='bbox 851 1390 1053 1479; x_wconf 86' lang='lat' dir='ltr'><strong>opinaretur.</strong></span> <span class='ocrx_word' id='word_1_94' title='bbox 1107 1391 1222 1474; x_wconf 79' lang='lat' dir='ltr'><strong>Quare</strong></span> 
     </span>
     <span class='ocr_line' id='line_1_12' title="bbox 118 1490 1303 1583; baseline 0.005 -26"><span class='ocrx_word' id='word_1_95' title='bbox 118 1491 179 1557; x_wconf 92' lang='lat' dir='ltr'><strong>etsi</strong></span> <span class='ocrx_word' id='word_1_96' title='bbox 198 1490 332 1556; x_wconf 90' lang='lat' dir='ltr'><strong>minime</strong></span> <span class='ocrx_word' id='word_1_97' title='bbox 345 1490 560 1557; x_wconf 89' lang='lat' dir='ltr'><strong>reiiciendam</strong></span> <span class='ocrx_word' id='word_1_98' title='bbox 581 1491 650 1557; x_wconf 90' lang='lat' dir='ltr'><strong>cius</strong></span> <span class='ocrx_word' id='word_1_99' title='bbox 673 1491 902 1558; x_wconf 89' lang='lat' dir='ltr'><strong>auctoritatem</strong></span> <span class='ocrx_word' id='word_1_100' title='bbox 925 1491 1083 1579; x_wconf 84' lang='lat' dir='ltr'><strong>arbitror,</strong></span> <span class='ocrx_word' id='word_1_101' title='bbox 1110 1504 1220 1563; x_wconf 90' lang='lat' dir='ltr'><strong>tamen</strong></span> <span class='ocrx_word' id='word_1_102' title='bbox 1300 1579 1303 1583; x_wconf 13' lang='grc' dir='ltr'><strong>Δ</strong></span> 
     </span>
     <span class='ocr_line' id='line_1_13' title="bbox 118 1592 1222 1685; baseline 0.007 -26"><span class='ocrx_word' id='word_1_103' title='bbox 118 1593 149 1678; x_wconf 90' lang='lat' dir='ltr'><strong>ei</strong></span> <span class='ocrx_word' id='word_1_104' title='bbox 169 1616 237 1660; x_wconf 93' lang='lat' dir='ltr'><strong>non</strong></span> <span class='ocrx_word' id='word_1_105' title='bbox 253 1601 382 1660; x_wconf 92' lang='lat' dir='ltr'><strong>tantum</strong></span> <span class='ocrx_word' id='word_1_106' title='bbox 401 1593 590 1677; x_wconf 82' lang='lat' dir='ltr'><strong>tribuerim,</strong></span> <span class='ocrx_word' id='word_1_107' title='bbox 617 1601 655 1659; x_wconf 93' lang='lat' dir='ltr'><strong>ut</strong></span> <span class='ocrx_word' id='word_1_108' title='bbox 670 1592 868 1661; x_wconf 90' lang='lat' dir='ltr'><strong>dubitationi</strong></span> <span class='ocrx_word' id='word_1_109' title='bbox 889 1616 957 1662; x_wconf 93' lang='lat' dir='ltr'><strong>non</strong></span> <span class='ocrx_word' id='word_1_110' title='bbox 976 1605 1093 1685; x_wconf 91' lang='lat' dir='ltr'><strong>putem</strong></span> <span class='ocrx_word' id='word_1_111' title='bbox 1108 1597 1222 1667; x_wconf 90' lang='lat' dir='ltr'><strong>locum</strong></span> 
     </span>
     <span class='ocr_line' id='line_1_14' title="bbox 116 1696 1217 1792; baseline 0.006 -30"><span class='ocrx_word' id='word_1_112' title='bbox 116 1697 267 1775; x_wconf 81' lang='lat' dir='ltr'><strong>relictum</strong></span> <span class='ocrx_word' id='word_1_113' title='bbox 284 1719 374 1779; x_wconf 88' lang='lat' dir='ltr'><strong>esse,</strong></span> <span class='ocrx_word' id='word_1_114' title='bbox 401 1719 504 1785; x_wconf 89' lang='lat' dir='ltr'><strong>quum</strong></span> <span class='ocrx_word' id='word_1_115' title='bbox 521 1696 718 1788; x_wconf 86' lang='lat' dir='ltr'><strong>praesertim</strong></span> <span class='ocrx_word' id='word_1_116' title='bbox 732 1696 918 1764; x_wconf 86' lang='lat' dir='ltr'><strong>scholiastis</strong></span> <span class='ocrx_word' id='word_1_117' title='bbox 937 1697 1000 1765; x_wconf 89' lang='lat' dir='ltr'><strong>illis</strong></span> <span class='ocrx_word' id='word_1_118' title='bbox 1018 1698 1105 1766; x_wconf 91' lang='lat' dir='ltr'><strong>adeo</strong></span> <span class='ocrx_word' id='word_1_119' title='bbox 1119 1701 1217 1792; x_wconf 91' lang='lat' dir='ltr'><strong>igno·</strong></span> 
     </span>
     <span class='ocr_line' id='line_1_15' title="bbox 117 1798 1219 1884; baseline 0.005 -18"><span class='ocrx_word' id='word_1_120' title='bbox 117 1810 188 1866; x_wconf 91' lang='lat' dir='ltr'><strong>tum</strong></span> <span class='ocrx_word' id='word_1_121' title='bbox 216 1800 316 1866; x_wconf 86' lang='lat' dir='ltr'><strong>fuisse</strong></span> <span class='ocrx_word' id='word_1_122' title='bbox 339 1799 493 1866; x_wconf 88' lang='lat' dir='ltr'><strong>Solutum</strong></span> <span class='ocrx_word' id='word_1_123' title='bbox 518 1798 758 1866; x_wconf 87' lang='lat' dir='ltr'><strong>Prometheum</strong></span> <span class='ocrx_word' id='word_1_124' title='bbox 782 1800 933 1884; x_wconf 82' lang='lat' dir='ltr'><strong>videam,</strong></span> <span class='ocrx_word' id='word_1_125' title='bbox 959 1810 1053 1870; x_wconf 91' lang='lat' dir='ltr'><strong>utne</strong></span> <span class='ocrx_word' id='word_1_126' title='bbox 1078 1802 1123 1869; x_wconf 92' lang='lat' dir='ltr'><strong>ad</strong></span> <span class='ocrx_word' id='word_1_127' title='bbox 1142 1828 1219 1872; x_wconf 89' lang='lat' dir='ltr'><strong>ver-</strong></span> 
     </span>
     <span class='ocr_line' id='line_1_16' title="bbox 117 1900 1219 1995; baseline 0.005 -25"><span class='ocrx_word' id='word_1_128' title='bbox 117 1925 191 1970; x_wconf 89' lang='lat' dir='ltr'><strong>sum</strong></span> <span class='ocrx_word' id='word_1_129' title='bbox 208 1902 345 1992; x_wconf 87' lang='lat' dir='ltr'><strong>quidem</strong></span> <span class='ocrx_word' id='word_1_130' title='bbox 361 1900 471 1970; x_wconf 82' lang='lat'>1⁰26.</span> <span class='ocrx_word' id='word_1_131' title='bbox 489 1903 547 1970; x_wconf 91' lang='lat' dir='ltr'><strong>ubi</strong></span> <span class='ocrx_word' id='word_1_132' title='bbox 563 1904 706 1970; x_wconf 88' lang='lat' dir='ltr'><strong>maxime</strong></span> <span class='ocrx_word' id='word_1_133' title='bbox 723 1912 906 1995; x_wconf 84' lang='lat' dir='ltr'><strong>exspectes,</strong></span> <span class='ocrx_word' id='word_1_134' title='bbox 933 1902 977 1971; x_wconf 90' lang='lat' dir='ltr'><strong>de</strong></span> <span class='ocrx_word' id='word_1_135' title='bbox 993 1903 1141 1973; x_wconf 91' lang='lat' dir='ltr'><strong>Chirone</strong></span> <span class='ocrx_word' id='word_1_136' title='bbox 1158 1908 1219 1974; x_wconf 91' lang='lat' dir='ltr'><strong>ali-</strong></span> 
     </span>
     <span class='ocr_line' id='line_1_17' title="bbox 117 2004 638 2096; baseline 0.002 -24"><span class='ocrx_word' id='word_1_137' title='bbox 117 2005 199 2094; x_wconf 87' lang='lat' dir='ltr'><strong>quid</strong></span> <span class='ocrx_word' id='word_1_138' title='bbox 221 2029 256 2074; x_wconf 91' lang='lat' dir='ltr'><strong>se</strong></span> <span class='ocrx_word' id='word_1_139' title='bbox 269 2004 467 2074; x_wconf 86' lang='lat' dir='ltr'><strong>inaudivisse</strong></span> <span class='ocrx_word' id='word_1_140' title='bbox 481 2005 638 2096; x_wconf 89' lang='lat' dir='ltr'><strong>prodant.</strong></span> 
     </span>
    </p>

    <p class='ocr_par' dir='ltr' id='par_1_3' title="bbox 114 2109 1299 2921">
     <span class='ocr_line' id='line_1_18' title="bbox 220 2109 1219 2201; baseline 0.002 -24"><span class='ocrx_word' id='word_1_141' title='bbox 220 2109 444 2177; x_wconf 88' lang='lat' dir='ltr'><strong>Scholiastam</strong></span> <span class='ocrx_word' id='word_1_142' title='bbox 459 2110 486 2176; x_wconf 90' lang='lat' dir='ltr'><strong>si</strong></span> <span class='ocrx_word' id='word_1_143' title='bbox 500 2110 635 2176; x_wconf 90' lang='lat' dir='ltr'><strong>missum</strong></span> <span class='ocrx_word' id='word_1_144' title='bbox 652 2109 803 2193; x_wconf 86' lang='lat' dir='ltr'><strong>facimus,</strong></span> <span class='ocrx_word' id='word_1_145' title='bbox 830 2117 906 2176; x_wconf 91' lang='lat' dir='ltr'><strong>sunt</strong></span> <span class='ocrx_word' id='word_1_146' title='bbox 926 2109 1105 2198; x_wconf 90' lang='lat' dir='ltr'><strong>quaedam,</strong></span> <span class='ocrx_word' id='word_1_147' title='bbox 1131 2134 1219 2201; x_wconf 90' lang='lat' dir='ltr'><strong>quae</strong></span> 
     </span>
     <span class='ocr_line' id='line_1_19' title="bbox 117 2203 1299 2295; baseline 0.003 -17"><span class='ocrx_word' id='word_1_148' title='bbox 117 2211 259 2279; x_wconf 91' lang='lat' dir='ltr'><strong>suadere</strong></span> <span class='ocrx_word' id='word_1_149' title='bbox 275 2212 468 2295; x_wconf 89' lang='lat' dir='ltr'><strong>videantur,</strong></span> <span class='ocrx_word' id='word_1_150' title='bbox 496 2220 531 2278; x_wconf 92' lang='lat' dir='ltr'><strong>ut</strong></span> <span class='ocrx_word' id='word_1_151' title='bbox 550 2211 704 2280; x_wconf 87' lang='lat' dir='ltr'><strong>Solutum</strong></span> <span class='ocrx_word' id='word_1_152' title='bbox 721 2203 963 2279; x_wconf 83' lang='lat' dir='ltr'><strong>Prometheum</strong></span> <span class='ocrx_word' id='word_1_153' title='bbox 985 2235 1054 2295; x_wconf 91' lang='lat' dir='ltr'><strong>non</strong></span> <span class='ocrx_word' id='word_1_154' title='bbox 1076 2216 1218 2282; x_wconf 88' lang='lat' dir='ltr'><strong>coniun-</strong></span> <span class='ocrx_word' id='word_1_155' title='bbox 1296 2240 1299 2245; x_wconf 91' lang='lat'>·</span> 
     </span>
     <span class='ocr_line' id='line_1_20' title="bbox 117 2314 1218 2397; baseline 0.004 -17"><span class='ocrx_word' id='word_1_156' title='bbox 117 2323 208 2380; x_wconf 90' lang='lat' dir='ltr'><strong>ctum</strong></span> <span class='ocrx_word' id='word_1_157' title='bbox 231 2337 309 2380; x_wconf 92' lang='lat' dir='ltr'><strong>cum</strong></span> <span class='ocrx_word' id='word_1_158' title='bbox 332 2314 454 2381; x_wconf 91' lang='lat' dir='ltr'><strong>Vincto</strong></span> <span class='ocrx_word' id='word_1_159' title='bbox 476 2314 577 2382; x_wconf 88' lang='lat' dir='ltr'><strong>fuisse</strong></span> <span class='ocrx_word' id='word_1_160' title='bbox 602 2314 841 2382; x_wconf 52' lang='lat' dir='ltr'><strong>coniiciamuss</strong></span> <span class='ocrx_word' id='word_1_161' title='bbox 871 2315 1008 2382; x_wconf 67' lang='lat' dir='ltr'><strong>&#39;Eorum</strong></span> <span class='ocrx_word' id='word_1_162' title='bbox 1032 2339 1134 2384; x_wconf 90' lang='lat' dir='ltr'><strong>unum</strong></span> <span class='ocrx_word' id='word_1_163' title='bbox 1158 2325 1218 2397; x_wconf 83' lang='lat' dir='ltr'><strong>est,</strong></span> 
     </span>
     <span class='ocr_line' id='line_1_21' title="bbox 115 2416 1218 2510; baseline 0.004 -27"><span class='ocrx_word' id='word_1_164' title='bbox 115 2417 236 2506; x_wconf 91' lang='lat' dir='ltr'><strong>idque,</strong></span> <span class='ocrx_word' id='word_1_165' title='bbox 262 2425 300 2484; x_wconf 92' lang='lat' dir='ltr'><strong>nt</strong></span> <span class='ocrx_word' id='word_1_166' title='bbox 316 2417 396 2484; x_wconf 87' lang='lat' dir='ltr'><strong>mihi</strong></span> <span class='ocrx_word' id='word_1_167' title='bbox 414 2417 550 2506; x_wconf 91' lang='lat' dir='ltr'><strong>quidem</strong></span> <span class='ocrx_word' id='word_1_168' title='bbox 564 2416 714 2503; x_wconf 91' lang='lat' dir='ltr'><strong>videtur,</strong></span> <span class='ocrx_word' id='word_1_169' title='bbox 740 2439 808 2483; x_wconf 93' lang='lat' dir='ltr'><strong>non</strong></span> <span class='ocrx_word' id='word_1_170' title='bbox 822 2417 897 2486; x_wconf 91' lang='lat' dir='ltr'><strong>leve</strong></span> <span class='ocrx_word' id='word_1_171' title='bbox 916 2419 1122 2509; x_wconf 88' lang='lat' dir='ltr'><strong>putandum,</strong></span> <span class='ocrx_word' id='word_1_172' title='bbox 1149 2443 1218 2510; x_wconf 93' lang='lat' dir='ltr'><strong>quo</strong></span> 
     </span>
     <span class='ocr_line' id='line_1_22' title="bbox 115 2519 1218 2613; baseline 0.002 -26"><span class='ocrx_word' id='word_1_173' title='bbox 115 2543 170 2587; x_wconf 91' lang='lat' dir='ltr'><strong>me</strong></span> <span class='ocrx_word' id='word_1_174' title='bbox 185 2520 251 2587; x_wconf 92' lang='lat' dir='ltr'><strong>iam</strong></span> <span class='ocrx_word' id='word_1_175' title='bbox 269 2521 302 2588; x_wconf 93' lang='lat' dir='ltr'><strong>in</strong></span> <span class='ocrx_word' id='word_1_176' title='bbox 325 2519 552 2588; x_wconf 84' lang='lat' dir='ltr'><strong>dissertatione</strong></span> <span class='ocrx_word' id='word_1_177' title='bbox 571 2520 647 2604; x_wconf 85' lang='lat' dir='ltr'><strong>illa,</strong></span> <span class='ocrx_word' id='word_1_178' title='bbox 673 2529 826 2608; x_wconf 91' lang='lat' dir='ltr'><strong>quaeest</strong></span> <span class='ocrx_word' id='word_1_179' title='bbox 844 2520 888 2587; x_wconf 90' lang='lat' dir='ltr'><strong>de</strong></span> <span class='ocrx_word' id='word_1_180' title='bbox 905 2523 1149 2613; x_wconf 87' lang='lat' dir='ltr'><strong>compositione</strong></span> <span class='ocrx_word' id='word_1_181' title='bbox 1164 2531 1218 2590; x_wconf 94' lang='lat' dir='ltr'><strong>te-</strong></span> 
     </span>
     <span class='ocr_line' id='line_1_23' title="bbox 115 2623 1217 2715; baseline 0.001 -24"><span class='ocrx_word' id='word_1_182' title='bbox 115 2624 350 2715; x_wconf 89' lang='lat' dir='ltr'><strong>tralogiarum,</strong></span> <span class='ocrx_word' id='word_1_183' title='bbox 376 2646 443 2690; x_wconf 93' lang='lat' dir='ltr'><strong>non</strong></span> <span class='ocrx_word' id='word_1_184' title='bbox 461 2623 674 2692; x_wconf 87' lang='lat' dir='ltr'><strong>mediocriter</strong></span> <span class='ocrx_word' id='word_1_185' title='bbox 698 2632 902 2690; x_wconf 91' lang='lat' dir='ltr'><strong>commotum</strong></span> <span class='ocrx_word' id='word_1_186' title='bbox 928 2647 1001 2692; x_wconf 91' lang='lat' dir='ltr'><strong>esse</strong></span> <span class='ocrx_word' id='word_1_187' title='bbox 1022 2626 1217 2715; x_wconf 83' lang='lat' dir='ltr'><strong>significavi.</strong></span> 
     </span>
     <span class='ocr_line' id='line_1_24' title="bbox 114 2725 1217 2816; baseline 0 -22"><span class='ocrx_word' id='word_1_188' title='bbox 114 2728 203 2794; x_wconf 92' lang='lat' dir='ltr'><strong>Nam</strong></span> <span class='ocrx_word' id='word_1_189' title='bbox 221 2749 326 2815; x_wconf 91' lang='lat' dir='ltr'><strong>quum</strong></span> <span class='ocrx_word' id='word_1_190' title='bbox 349 2726 419 2794; x_wconf 91' lang='lat' dir='ltr'><strong>veri</strong></span> <span class='ocrx_word' id='word_1_191' title='bbox 440 2727 641 2793; x_wconf 88' lang='lat' dir='ltr'><strong>simillimum</strong></span> <span class='ocrx_word' id='word_1_192' title='bbox 665 2726 722 2810; x_wconf 88' lang='lat' dir='ltr'><strong>sit,</strong></span> <span class='ocrx_word' id='word_1_193' title='bbox 755 2725 788 2792; x_wconf 91' lang='lat' dir='ltr'><strong>in</strong></span> <span class='ocrx_word' id='word_1_194' title='bbox 807 2726 947 2816; x_wconf 86' lang='lat' dir='ltr'><strong>trilogiis</strong></span> <span class='ocrx_word' id='word_1_195' title='bbox 971 2727 1155 2802; x_wconf 83' lang='lat' dir='ltr'><strong>condendis</strong></span> <span class='ocrx_word' id='word_1_196' title='bbox 1181 2728 1217 2795; x_wconf 95' lang='lat' dir='ltr'><strong>id</strong></span> 
     </span>
     <span class='ocr_line' id='line_1_25' title="bbox 115 2825 1216 2921; baseline 0 -24"><span class='ocrx_word' id='word_1_197' title='bbox 115 2830 320 2921; x_wconf 87' lang='lat' dir='ltr'><strong>spectavisse</strong></span> <span class='ocrx_word' id='word_1_198' title='bbox 345 2838 482 2920; x_wconf 90' lang='lat' dir='ltr'><strong>poetas,</strong></span> <span class='ocrx_word' id='word_1_199' title='bbox 514 2839 552 2895; x_wconf 91' lang='lat' dir='ltr'><strong>nt</strong></span> <span class='ocrx_word' id='word_1_200' title='bbox 573 2830 646 2919; x_wconf 89' lang='lat' dir='ltr'><strong>ipsa</strong></span> <span class='ocrx_word' id='word_1_201' title='bbox 668 2825 855 2895; x_wconf 90' lang='lat' dir='ltr'><strong>inventione</strong></span> <span class='ocrx_word' id='word_1_202' title='bbox 878 2829 963 2895; x_wconf 91' lang='lat' dir='ltr'><strong>inter</strong></span> <span class='ocrx_word' id='word_1_203' title='bbox 984 2851 1020 2895; x_wconf 88' lang='lat' dir='ltr'><strong>se</strong></span> <span class='ocrx_word' id='word_1_204' title='bbox 1042 2829 1216 2898; x_wconf 85' lang='lat' dir='ltr'><strong>dissimiles</strong></span> 
     </span>
    </p>
   </div>
   <div class='ocr_carea' id='block_1_3' title="bbox 115 2929 1320 3024">
    <p class='ocr_par' dir='ltr' id='par_1_4' title="bbox 115 2929 1320 3024">
     <span class='ocr_line' id='line_1_26' title="bbox 115 2929 1320 3024; baseline 0 -23"><span class='ocrx_word' id='word_1_205' title='bbox 115 2941 225 3001; x_wconf 92' lang='lat' dir='ltr'><strong>essent</strong></span> <span class='ocrx_word' id='word_1_206' title='bbox 238 2933 385 3018; x_wconf 84' lang='lat' dir='ltr'><strong>fabulae,</strong></span> <span class='ocrx_word' id='word_1_207' title='bbox 412 2932 479 3000; x_wconf 92' lang='lat' dir='ltr'><strong>duo</strong></span> <span class='ocrx_word' id='word_1_208' title='bbox 493 2933 541 2999; x_wconf 90' lang='lat' dir='ltr'><strong>illi</strong></span> <span class='ocrx_word' id='word_1_209' title='bbox 554 2929 759 3017; x_wconf 85' lang='lat' dir='ltr'><strong>Promethei,</strong></span> <span class='ocrx_word' id='word_1_210' title='bbox 785 2940 944 3020; x_wconf 91' lang='lat' dir='ltr'><strong>qnantum</strong></span> <span class='ocrx_word' id='word_1_211' title='bbox 959 2931 1120 3023; x_wconf 83' lang='lat' dir='ltr'><strong>colligere</strong></span> <span class='ocrx_word' id='word_1_212' title='bbox 1133 2955 1217 3024; x_wconf 88' lang='lat' dir='ltr'><strong>pos·</strong></span> <span class='ocrx_word' id='word_1_213' title='bbox 1317 2929 1320 2934; x_wconf 66' lang='grc'><em>’</em></span> 
     </span>
    </p>
   </div>
   <div class='ocr_carea' id='block_1_4' title="bbox 114 3033 1215 3228">
    <p class='ocr_par' dir='ltr' id='par_1_5' title="bbox 114 3033 1215 3228">
     <span class='ocr_line' id='line_1_27' title="bbox 115 3033 1215 3125; baseline -0.001 -22"><span class='ocrx_word' id='word_1_214' title='bbox 115 3058 248 3122; x_wconf 90' lang='lat' dir='ltr'><strong>sumus,</strong></span> <span class='ocrx_word' id='word_1_215' title='bbox 273 3045 365 3103; x_wconf 88' lang='lat' dir='ltr'><strong>tanta</strong></span> <span class='ocrx_word' id='word_1_216' title='bbox 384 3035 519 3104; x_wconf 89' lang='lat' dir='ltr'><strong>fuerunt</strong></span> <span class='ocrx_word' id='word_1_217' title='bbox 542 3033 772 3114; x_wconf 90' lang='lat' dir='ltr'><strong>similitudine,</strong></span> <span class='ocrx_word' id='word_1_218' title='bbox 798 3043 836 3102; x_wconf 89' lang='lat' dir='ltr'><strong>ut</strong></span> <span class='ocrx_word' id='word_1_219' title='bbox 853 3034 908 3101; x_wconf 84' lang='lat' dir='ltr'><strong>vix</strong></span> <span class='ocrx_word' id='word_1_220' title='bbox 929 3043 1104 3125; x_wconf 86' lang='lat' dir='ltr'><strong>appareat,</strong></span> <span class='ocrx_word' id='word_1_221' title='bbox 1127 3058 1215 3124; x_wconf 90' lang='lat' dir='ltr'><strong>quo-</strong></span> 
     </span>
     <span class='ocr_line' id='line_1_28' title="bbox 114 3135 1214 3228; baseline 0.002 -24"><span class='ocrx_word' id='word_1_222' title='bbox 114 3138 219 3205; x_wconf 93' lang='lat' dir='ltr'><strong>modo</strong></span> <span class='ocrx_word' id='word_1_223' title='bbox 233 3139 418 3206; x_wconf 89' lang='lat' dir='ltr'><strong>consociari</strong></span> <span class='ocrx_word' id='word_1_224' title='bbox 432 3139 502 3206; x_wconf 89' lang='lat' dir='ltr'><strong>sine</strong></span> <span class='ocrx_word' id='word_1_225' title='bbox 516 3138 663 3227; x_wconf 92' lang='lat' dir='ltr'><strong>quadarn</strong></span> <span class='ocrx_word' id='word_1_226' title='bbox 677 3135 863 3205; x_wconf 84' lang='lat' dir='ltr'><strong>offensione</strong></span> <span class='ocrx_word' id='word_1_227' title='bbox 876 3137 1053 3228; x_wconf 87' lang='lat' dir='ltr'><strong>potuerint.</strong></span> <span class='ocrx_word' id='word_1_228' title='bbox 1080 3137 1214 3206; x_wconf 90' lang='lat' dir='ltr'><strong>Etenim</strong></span> 
     </span>
    </p>
   </div>
   <div class='ocr_carea' id='block_1_5' title="bbox 114 3239 1398 3331">
    <p class='ocr_par' dir='ltr' id='par_1_6' title="bbox 114 3239 1398 3331">
     <span class='ocr_line' id='line_1_29' title="bbox 114 3239 1398 3331; baseline 0.006 -25"><span class='ocrx_word' id='word_1_229' title='bbox 114 3249 151 3307; x_wconf 90' lang='lat' dir='ltr'><strong>nt</strong></span> <span class='ocrx_word' id='word_1_230' title='bbox 163 3241 275 3308; x_wconf 88' lang='lat' dir='ltr'><strong>Vincti</strong></span> <span class='ocrx_word' id='word_1_231' title='bbox 288 3241 432 3308; x_wconf 83' lang='lat' dir='ltr'><strong>maxima</strong></span> <span class='ocrx_word' id='word_1_232' title='bbox 443 3240 697 3331; x_wconf 88' lang='lat' dir='ltr'><strong>propemodum</strong></span> <span class='ocrx_word' id='word_1_233' title='bbox 711 3262 791 3329; x_wconf 90' lang='lat' dir='ltr'><strong>pars</strong></span> <span class='ocrx_word' id='word_1_234' title='bbox 808 3239 1048 3331; x_wconf 88' lang='lat' dir='ltr'><strong>descriptiones</strong></span> <span class='ocrx_word' id='word_1_235' title='bbox 1062 3241 1215 3308; x_wconf 89' lang='lat' dir='ltr'><strong>locorum</strong></span> <span class='ocrx_word' id='word_1_236' title='bbox 1287 3268 1288 3272; x_wconf 47' lang='lat'>¹</span> <span class='ocrx_word' id='word_1_237' title='bbox 1392 3305 1398 3314; x_wconf 85' lang='grc'><em>,</em></span> 
     </span>
    </p>
   </div>
   <div class='ocr_carea' id='block_1_6' title="bbox 112 3341 1301 4365">
    <p class='ocr_par' dir='ltr' id='par_1_7' title="bbox 112 3341 1272 4152">
     <span class='ocr_line' id='line_1_30' title="bbox 114 3341 1236 3435; baseline 0.001 -25"><span class='ocrx_word' id='word_1_238' title='bbox 114 3343 377 3435; x_wconf 85' lang='lat' dir='ltr'><strong>regionumque,</strong></span> <span class='ocrx_word' id='word_1_239' title='bbox 405 3367 488 3432; x_wconf 91' lang='lat' dir='ltr'><strong>quas</strong></span> <span class='ocrx_word' id='word_1_240' title='bbox 512 3343 551 3410; x_wconf 94' lang='lat' dir='ltr'><strong>lo</strong></span> <span class='ocrx_word' id='word_1_241' title='bbox 568 3344 624 3410; x_wconf 90' lang='lat' dir='ltr'><strong>vel</strong></span> <span class='ocrx_word' id='word_1_242' title='bbox 647 3343 897 3432; x_wconf 86' lang='lat' dir='ltr'><strong>peragraverit,</strong></span> <span class='ocrx_word' id='word_1_243' title='bbox 923 3343 977 3410; x_wconf 90' lang='lat' dir='ltr'><strong>vel</strong></span> <span class='ocrx_word' id='word_1_244' title='bbox 1001 3341 1144 3434; x_wconf 92' lang='lat' dir='ltr'><strong>posthac</strong></span> <span class='ocrx_word' id='word_1_245' title='bbox 1173 3345 1236 3411; x_wconf 73' lang='lat' dir='ltr'><strong>sit‘</strong></span> 
     </span>
     <span class='ocr_line' id='line_1_31' title="bbox 113 3443 1216 3538; baseline -0.001 -24"><span class='ocrx_word' id='word_1_246' title='bbox 113 3454 360 3538; x_wconf 83' lang='lat' dir='ltr'><strong>pervagatum,</strong></span> <span class='ocrx_word' id='word_1_247' title='bbox 386 3446 554 3532; x_wconf 90' lang='lat' dir='ltr'><strong>continet,</strong></span> <span class='ocrx_word' id='word_1_248' title='bbox 581 3446 628 3514; x_wconf 92' lang='lat' dir='ltr'><strong>sic</strong></span> <span class='ocrx_word' id='word_1_249' title='bbox 651 3445 688 3511; x_wconf 86' lang='lat' dir='ltr'><strong>in</strong></span> <span class='ocrx_word' id='word_1_250' title='bbox 709 3443 828 3512; x_wconf 86' lang='lat' dir='ltr'><strong>Soluto</strong></span> <span class='ocrx_word' id='word_1_251' title='bbox 847 3443 978 3535; x_wconf 85' lang='lat' dir='ltr'><strong>prolixe</strong></span> <span class='ocrx_word' id='word_1_252' title='bbox 998 3444 1042 3512; x_wconf 91' lang='lat' dir='ltr'><strong>de</strong></span> <span class='ocrx_word' id='word_1_253' title='bbox 1057 3445 1216 3514; x_wconf 90' lang='lat' dir='ltr'><strong>Herculis</strong></span> 
     </span>
     <span class='ocr_line' id='line_1_32' title="bbox 114 3546 1213 3641; baseline 0 -25"><span class='ocrx_word' id='word_1_254' title='bbox 114 3549 380 3641; x_wconf 82' lang='lat' dir='ltr'><strong>expeditionibus</strong></span> <span class='ocrx_word' id='word_1_255' title='bbox 405 3547 591 3640; x_wconf 88' lang='lat' dir='ltr'><strong>expositum</strong></span> <span class='ocrx_word' id='word_1_256' title='bbox 622 3569 697 3614; x_wconf 88' lang='lat' dir='ltr'><strong>esse</strong></span> <span class='ocrx_word' id='word_1_257' title='bbox 724 3553 837 3638; x_wconf 89' lang='lat' dir='ltr'><strong>patet,</strong></span> <span class='ocrx_word' id='word_1_258' title='bbox 871 3546 905 3614; x_wconf 89' lang='lat' dir='ltr'><strong>in</strong></span> <span class='ocrx_word' id='word_1_259' title='bbox 927 3556 1071 3637; x_wconf 92' lang='lat' dir='ltr'><strong>utroque</strong></span> <span class='ocrx_word' id='word_1_260' title='bbox 1090 3557 1213 3617; x_wconf 91' lang='lat' dir='ltr'><strong>autem</strong></span> 
     </span>
     <span class='ocr_line' id='line_1_33' title="bbox 114 3648 1213 3739; baseline -0.002 -19"><span class='ocrx_word' id='word_1_261' title='bbox 114 3653 214 3720; x_wconf 92' lang='lat' dir='ltr'><strong>etiam</strong></span> <span class='ocrx_word' id='word_1_262' title='bbox 228 3651 272 3718; x_wconf 93' lang='lat' dir='ltr'><strong>de</strong></span> <span class='ocrx_word' id='word_1_263' title='bbox 286 3652 446 3738; x_wconf 86' lang='lat' dir='ltr'><strong>inventis,</strong></span> <span class='ocrx_word' id='word_1_264' title='bbox 473 3650 593 3739; x_wconf 88' lang='lat' dir='ltr'><strong>quibus</strong></span> <span class='ocrx_word' id='word_1_265' title='bbox 613 3648 837 3718; x_wconf 90' lang='lat' dir='ltr'><strong>Prometheus</strong></span> <span class='ocrx_word' id='word_1_266' title='bbox 848 3649 950 3717; x_wconf 88' lang='lat' dir='ltr'><strong>vitam</strong></span> <span class='ocrx_word' id='word_1_267' title='bbox 961 3649 1136 3717; x_wconf 89' lang='lat' dir='ltr'><strong>hominum</strong></span> <span class='ocrx_word' id='word_1_268' title='bbox 1149 3651 1213 3718; x_wconf 89' lang='lat' dir='ltr'><strong>ad-</strong></span> 
     </span>
     <span class='ocr_line' id='line_1_34' title="bbox 112 3751 1213 3846; baseline 0 -24"><span class='ocrx_word' id='word_1_269' title='bbox 112 3755 264 3841; x_wconf 89' lang='lat' dir='ltr'><strong>iuvisset,</strong></span> <span class='ocrx_word' id='word_1_270' title='bbox 299 3756 437 3846; x_wconf 89' lang='lat' dir='ltr'><strong>copiose</strong></span> <span class='ocrx_word' id='word_1_271' title='bbox 461 3753 525 3822; x_wconf 89' lang='lat' dir='ltr'><strong>fuit</strong></span> <span class='ocrx_word' id='word_1_272' title='bbox 554 3752 767 3846; x_wconf 85' lang='lat' dir='ltr'><strong>explicatum.</strong></span> <span class='ocrx_word' id='word_1_273' title='bbox 819 3751 918 3837; x_wconf 77' lang='lat' dir='ltr'><strong>Quae</strong></span> <span class='ocrx_word' id='word_1_274' title='bbox 946 3753 1149 3834; x_wconf 88' lang='lat' dir='ltr'><strong>narrationes</strong></span> <span class='ocrx_word' id='word_1_275' title='bbox 1176 3765 1213 3822; x_wconf 92' lang='lat' dir='ltr'><strong>ut</strong></span> 
     </span>
     <span class='ocr_line' id='line_1_35' title="bbox 113 3856 1213 3942; baseline -0.002 -16"><span class='ocrx_word' id='word_1_276' title='bbox 113 3858 170 3926; x_wconf 91' lang='lat' dir='ltr'><strong>vel</strong></span> <span class='ocrx_word' id='word_1_277' title='bbox 187 3858 329 3925; x_wconf 85' lang='lat' dir='ltr'><strong>maxime</strong></span> <span class='ocrx_word' id='word_1_278' title='bbox 347 3859 473 3926; x_wconf 91' lang='lat' dir='ltr'><strong>animos</strong></span> <span class='ocrx_word' id='word_1_279' title='bbox 494 3856 697 3934; x_wconf 90' lang='lat' dir='ltr'><strong>audientium</strong></span> <span class='ocrx_word' id='word_1_280' title='bbox 712 3856 885 3942; x_wconf 89' lang='lat' dir='ltr'><strong>retineant,</strong></span> <span class='ocrx_word' id='word_1_281' title='bbox 909 3877 1089 3942; x_wconf 90' lang='lat' dir='ltr'><strong>rerumque</strong></span> <span class='ocrx_word' id='word_1_282' title='bbox 1103 3857 1213 3924; x_wconf 91' lang='lat' dir='ltr'><strong>admi-</strong></span> 
     </span>
     <span class='ocr_line' id='line_1_36' title="bbox 112 3954 1272 4050; baseline 0.001 -22"><span class='ocrx_word' id='word_1_283' title='bbox 112 3959 268 4028; x_wconf 91' lang='lat' dir='ltr'><strong>rabilium</strong></span> <span class='ocrx_word' id='word_1_284' title='bbox 290 3954 442 4031; x_wconf 88' lang='lat' dir='ltr'><strong>novitate</strong></span> <span class='ocrx_word' id='word_1_285' title='bbox 455 3961 644 4044; x_wconf 89' lang='lat' dir='ltr'><strong>oblectent,</strong></span> <span class='ocrx_word' id='word_1_286' title='bbox 669 3968 782 4028; x_wconf 89' lang='lat' dir='ltr'><strong>tamen</strong></span> <span class='ocrx_word' id='word_1_287' title='bbox 799 3982 862 4050; x_wconf 90' lang='lat' dir='ltr'><strong>per</strong></span> <span class='ocrx_word' id='word_1_288' title='bbox 875 3958 959 4025; x_wconf 90' lang='lat' dir='ltr'><strong>duas</strong></span> <span class='ocrx_word' id='word_1_289' title='bbox 983 3957 1116 4026; x_wconf 84' lang='lat' dir='ltr'><strong>fabulas</strong></span> <span class='ocrx_word' id='word_1_290' title='bbox 1130 3984 1213 4028; x_wconf 89' lang='lat' dir='ltr'><strong>con·</strong></span> <span class='ocrx_word' id='word_1_291' title='bbox 1269 4008 1272 4014; x_wconf 88' lang='lat'>-</span> 
     </span>
     <span class='ocr_line' id='line_1_37' title="bbox 113 4060 1091 4152; baseline -0.003 -21"><span class='ocrx_word' id='word_1_292' title='bbox 113 4064 259 4131; x_wconf 90' lang='lat' dir='ltr'><strong>tinuatae</strong></span> <span class='ocrx_word' id='word_1_293' title='bbox 273 4066 392 4131; x_wconf 91' lang='lat' dir='ltr'><strong>mirum</strong></span> <span class='ocrx_word' id='word_1_294' title='bbox 410 4065 444 4131; x_wconf 93' lang='lat' dir='ltr'><strong>ni</strong></span> <span class='ocrx_word' id='word_1_295' title='bbox 458 4064 584 4152; x_wconf 89' lang='lat' dir='ltr'><strong>aliquid</strong></span> <span class='ocrx_word' id='word_1_296' title='bbox 596 4063 751 4131; x_wconf 86' lang='lat' dir='ltr'><strong>satietatis</strong></span> <span class='ocrx_word' id='word_1_297' title='bbox 767 4061 890 4130; x_wconf 87' lang='lat' dir='ltr'><strong>afferre</strong></span> <span class='ocrx_word' id='word_1_298' title='bbox 907 4060 1091 4137; x_wconf 86' lang='lat' dir='ltr'><strong>debuerint.</strong></span> 
     </span>
    </p>

    <p class='ocr_par' dir='ltr' id='par_1_8' title="bbox 112 4164 1301 4365">
     <span class='ocr_line' id='line_1_38' title="bbox 215 4164 1287 4255; baseline -0.001 -21"><span class='ocrx_word' id='word_1_299' title='bbox 215 4166 347 4234; x_wconf 88' lang='lat' dir='ltr'><strong>Deinde</strong></span> <span class='ocrx_word' id='word_1_300' title='bbox 371 4168 432 4235; x_wconf 91' lang='lat' dir='ltr'><strong>etsi</strong></span> <span class='ocrx_word' id='word_1_301' title='bbox 454 4167 590 4234; x_wconf 87' lang='lat' dir='ltr'><strong>minirne</strong></span> <span class='ocrx_word' id='word_1_302' title='bbox 608 4189 746 4235; x_wconf 88' lang='lat' dir='ltr'><strong>necesse</strong></span> <span class='ocrx_word' id='word_1_303' title='bbox 771 4174 824 4233; x_wconf 89' lang='lat' dir='ltr'><strong>est</strong></span> <span class='ocrx_word' id='word_1_304' title='bbox 836 4164 998 4255; x_wconf 90' lang='lat' dir='ltr'><strong>temporis</strong></span> <span class='ocrx_word' id='word_1_305' title='bbox 1015 4165 1213 4233; x_wconf 90' lang='lat' dir='ltr'><strong>continuita-</strong></span> <span class='ocrx_word' id='word_1_306' title='bbox 1286 4188 1287 4191; x_wconf 45' lang='lat'>¹</span> 
     </span>
     <span class='ocr_line' id='line_1_39' title="bbox 112 4267 1301 4365; baseline 0 -29"><span class='ocrx_word' id='word_1_307' title='bbox 112 4276 181 4338; x_wconf 90' lang='lat' dir='ltr'><strong>tem</strong></span> <span class='ocrx_word' id='word_1_308' title='bbox 195 4268 230 4340; x_wconf 90' lang='lat' dir='ltr'><strong>in</strong></span> <span class='ocrx_word' id='word_1_309' title='bbox 247 4271 430 4365; x_wconf 88' lang='lat' dir='ltr'><strong>tragoediis</strong></span> <span class='ocrx_word' id='word_1_310' title='bbox 444 4291 556 4339; x_wconf 91' lang='lat' dir='ltr'><strong>rerum</strong></span> <span class='ocrx_word' id='word_1_311' title='bbox 574 4268 691 4339; x_wconf 92' lang='lat' dir='ltr'><strong>ordine</strong></span> <span class='ocrx_word' id='word_1_312' title='bbox 705 4267 962 4338; x_wconf 87' lang='lat' dir='ltr'><strong>cohaerentibus</strong></span> <span class='ocrx_word' id='word_1_313' title='bbox 977 4268 1134 4360; x_wconf 83' lang='lat' dir='ltr'><strong>spectari,</strong></span> <span class='ocrx_word' id='word_1_314' title='bbox 1161 4279 1214 4336; x_wconf 89' lang='lat' dir='ltr'><strong>ta-</strong></span> <span class='ocrx_word' id='word_1_315' title='bbox 1297 4289 1301 4299; x_wconf 91' lang='lat'>·</span> 
     </span>
    </p>
   </div>
   <div class='ocr_carea' id='block_1_7' title="bbox 0 0 1464 4890">
    <p class='ocr_par' dir='ltr' id='par_1_9' title="bbox 0 0 1464 4890">
     <span class='ocr_line' id='line_1_40' title="bbox 0 0 1464 4890; baseline 0 2"><span class='ocrx_word' id='word_1_316' title='bbox 0 0 1464 4890; x_wconf 95' lang='lat' dir='ltr'><strong> </strong></span> 
     </span>
    </p>
   </div>
  </div>
 </body>
</html>
