2918 4890
422 302 940 374 ,niss'unrnrlos
1182 307 1246 369 293

147 498 280 559 estnon
288 499 430 583 potest:
456 492 651 584 meliusque
664 493 768 562 ultra
786 514 894 584 quum
905 492 1004 562 citra
1019 501 1096 562 stat
1113 494 1241 562 oratio.

147 593 360 683 Quicumque
385 603 519 663 utuntur
538 594 748 686 hyperbole,
782 604 915 662 utuntur
937 605 1138 688 propterea,
1165 600 1243 686 quia

145 719 214 764 non
228 695 355 765 habeut
370 720 438 787 quo
456 699 535 766 satis
558 699 744 789 exprimant
757 707 918 787 quantum
939 700 980 766 sit
993 699 1029 766 id
1046 699 1090 766 de
1106 701 1174 788 quo
1190 701 1242 768 lo-

139 782 312 888 quuntur..
353 801 470 890 ltaque
493 800 690 893 praedicant
709 802 752 869 de
775 824 817 868 eo
841 801 965 890 aliquid
990 802 1081 890 quod
1104 801 1242 870 modum

146 901 307 989 excedat,
334 926 399 971 non
417 925 484 993 quo
507 903 541 970 id
561 904 652 972 credi
672 905 734 971 sibi
755 904 874 986 velint,
901 904 960 971 sed
984 913 1037 990 ut,
1064 927 1167 994 quum
1184 891 1287 972 nili

145 1006 248 1071 mium
262 1005 405 1095 dicitur,
427 1029 496 1074 non
520 1007 597 1074 satis
617 1006 683 1073 dici
700 1029 801 1098 posse
819 1008 876 1096 qui
890 1008 1028 1074 audiunt
1049 1008 1242 1098 iroelligant.

146 1108 261 1192 Quare
289 1111 395 1176 omnis
417 1109 609 1200 hyperbole
633 1110 786 1176 concitati
816 1118 866 1176 est
889 1111 1114 1198 commotique
1145 1111 1243 1178 animi
1352 1189 1354 1196 s

145 1212 287 1302 signum.
339 1211 441 1296 Quod
465 1213 492 1278 si
515 1235 641 1304 genera
657 1211 824 1301 quaedam
840 1211 1070 1280 constituenda
1084 1223 1158 1280 sunt
1175 1214 1243 1303 hy-

145 1315 325 1404 perbolae,
353 1314 510 1406 distingui
528 1339 569 1382 ea
588 1324 724 1407 oportet
746 1336 808 1406 pro
828 1314 1018 1384 diversitate
1040 1317 1141 1383 animi
1155 1308 1242 1384 affe·

145 1418 301 1486 ctionum.
345 1418 498 1502 Quarum
515 1441 618 1508 quum
633 1427 725 1486 tanta
740 1427 774 1486 et
786 1419 928 1486 varietas
942 1421 984 1486 sit
1005 1427 1038 1485 et
1050 1419 1242 1510 implicatio,

144 1521 323 1588 multarum
346 1521 445 1588 etiam
471 1521 630 1604 affinitas,
657 1531 694 1588 ut
717 1543 828 1610 neque
850 1522 1036 1590 enumerari
1051 1517 1242 1590 omnesne-

144 1647 212 1712 que
227 1624 313 1691 inter
328 1647 364 1691 se
386 1625 544 1717 distingui
559 1646 662 1716 posse
677 1623 870 1693 videantur:
897 1647 964 1691 non
978 1625 1072 1716 ipsae
1087 1625 1242 1693 conside-

144 1726 270 1794 randae
291 1736 381 1811 sunt,
415 1727 476 1794 sed
499 1737 601 1795 status
623 1728 668 1794 illi
692 1727 814 1807 animi,
849 1727 893 1794 ad
922 1751 1007 1817 quos
1035 1729 1242 1797 referuntur:

144 1830 202 1918 qui
231 1840 307 1905 sunt
327 1853 467 1896 numero
480 1848 481 1854 ’
493 1831 666 1922 perpauci.
718 1831 807 1897 Nam
829 1840 886 1897 aut
906 1831 998 1908 nullo
1017 1854 1129 1899 sumus
1150 1840 1243 1898 motu

143 1933 345 2024 perturbati,
372 1933 482 2000 sed-in
505 1933 719 2022 quotidianae
739 1934 825 2000 vitae
841 1933 1036 2000 remissione
1054 1935 1163 2016 subito
1183 1957 1243 2001 ex-

145 2037 285 2103 citamur
297 2036 416 2116 rebus,
444 2035 624 2125 dequibus
647 2057 757 2102 sermo
773 2035 908 2117 incidit3
932 2046 993 2118 aut
1013 2038 1098 2103 serio
1118 2036 1243 2135 aliquid

91 2163 100 2172 “
144 2140 275 2230 agimus
298 2148 332 2206 et
354 2138 514 2204 contentis
539 2136 686 2221 viribus,
707 2160 879 2228 saepeque
901 2137 1002 2205 etiam
1023 2139 1163 2228 cupidc3
1187 2148 1244 2205 aut

144 2243 240 2309 vacui
255 2243 299 2308 ab
316 2241 458 2332 negotiis
473 2240 618 2307 animum
639 2263 752 2307 rerum
769 2264 968 2333 magnarum
982 2241 1243 2332 pulcrarumque

145 2345 428 2434 contemplatione
445 2341 548 2409 modo
564 2343 801 2434 temperatius,
828 2343 931 2410 modo
951 2366 1057 2432 usque
1077 2343 1121 2409 ad
1136 2346 1243 2411 exsul-

144 2447 303 2513 tationem
329 2447 554 2525 oblectanrus3
587 2457 645 2512 aut
670 2445 816 2535 denique
831 2447 992 2513 'simulata
1023 2447 1243 2538 perversitate

144 2559 241 2616 acute
256 2549 350 2616 dictis
365 2549 570 2639 petulantem
582 2550 685 2616 risum
704 2558 888 2639 captamus.
943 2549 1073 2616 Horum
1088 2559 1242 2638 quattuor

144 2653 243 2718 animi
258 2660 401 2719 statuum
417 2674 512 2719 suum
528 2652 652 2741 quique
669 2650 775 2718 habet
790 2675 898 2743 genus
915 2650 1143 2742 hyperbolae,
1171 2653 1242 2720 fere

143 2755 225 2822 illud
237 2756 269 2822 vi
279 2764 312 2823 et
328 2763 495 2844 potestate
509 2756 616 2845 magis
626 2777 728 2843 quam
744 2753 1035 2821 forma-acaeteris
1050 2753 1241 2821 ‹liscretum

245 2859 359 2948 Atque
383 2858 417 2924 in
437 2856 590 2925 familiari
619 2856 755 2946 quidem
783 2855 1020 2924 consuetudine
1049 2858 1242 2948 saepissime

43 2999 49 3007 x
143 2963 267 3028 utimur
290 2961 498 3052 hyperbole:
525 2959 586 3028 sed
607 2960 767 3049 quoniam
787 2959 855 3026 hoc
879 2981 984 3050 genus
1009 2960 1168 3026 sermonis
1186 2984 1240 3028 rc·

143 3065 280 3132 missum
294 3074 345 3132 est
362 3065 532 3153 multaque
547 3072 772 3155 temperatum
788 3061 1003 3158 negligentia,
1014 3072 1016 3076 ‘
1027 3074 1097 3128 'non
1113 3056 1243 3152 paucae

143 3165 354 3257 hyperbolae
375 3168 422 3234 ita
438 3189 474 3234 se
495 3166 668 3257 paullatim
691 3166 724 3232 in
741 3187 836 3254 usum
858 3164 1078 3247 insinuarunt,
1104 3175 1142 3228 ut
1157 3188 1242 3232 non-

145 3269 308 3363 nullarum
323 3269 372 3336 vis
387 3292 476 3360 pene
491 3269 651 3336 exstincta
665 3269 715 3351 sit,
741 3277 779 3336 ut
795 3261 898 3356 quum
913 3265 1037 3334 Graeci
1052 3267 1157 3333 multa
1173 3294 1241 3358 μυ-

145 3369 218 3464 ρία,
244 3371 355 3438 Latini
367 3393 528 3462 magnum
543 3392 693 3439 suevum
707 3369 762 3436 vel
774 3368 942 3437 insanum
956 3377 1093 3436 vocant:
1120 3370 1152 3435 in
1167 3370 1243 3459 ple-

144 3474 256 3562 risque
280 3482 391 3541 autem
408 3472 506 3541 valde
524 3472 683 3539 hebetata
704 3473 888 3562 reperitur,
913 3481 951 3538 ut
969 3471 1146 3560 quodiam
1166 3463 1242 3539 Ho-

142 3599 253 3644 merus
275 3576 355 3643 dixit
368 3578 455 3670 γέλῳ
472 3575 649 3666 ἔκθανον,
675 3575 730 3642 vel
749 3573 844 3663 quod
857 3596 959 3666 saepe
979 3583 1143 3659 oratorcS,
1170 3575 1242 3647 δέει

143 3673 322 3752 colivolunt
338 3672 432 3751 τινά.
485 3676 601 3762 Quare
616 3675 683 3745 hae
703 3676 841 3767 quidem
857 3676 930 3744 fere
950 3699 1019 3744 non
1032 3684 1107 3744 sunt
1123 3677 1157 3743 in
1173 3677 1241 3744 vir-

143 3782 267 3850 tutibus
280 3783 436 3850 orationis
451 3779 694 3862 numerandae:
720 3781 835 3868 immo,
856 3779 1014 3869 quoniam
1028 3779 1132 3871 vulgo
1145 3779 1241 3848 tritae

144 3891 237 3970 sunt,
264 3908 366 3978 saepe
388 3886 495 3952 mirrus
512 3883 634 3951 decent
648 3884 773 3954 cultum
791 3893 893 3972 atque
908 3881 1093 3972 expolitum
1109 3881 1241 3951 dicendi
1288 3896 1291 3901 '

143 4009 260 4079 genus.
915 4040 918 4044 »
1016 4062 1021 4071 x

246 4091 321 4172 Alia
345 4089 429 4156 ratio'
453 4097 504 4155 est
526 4089 674 4174 illarum,
702 4109 785 4177 quas
810 4088 844 4154 iu
865 4083 1005 4179 agendis
1026 4087 1126 4154 rebus
1149 4089 1239 4155 seriis

144 4197 353 4283 usurpamus.
404 4178 685 4283 Earum‘magna
704 4192 845 4258 varietas
869 4197 935 4275 est,
963 4188 1122 4278 multique
1147 4191 1241 4280 quasi
1269 4239 1271 4242 ι

120 4296 286 4388 gradus,
311 4295 423 4386 prouti
448 4293 594 4362 sedatior
619 4293 672 4362 vel
693 4293 891 4364 commotior
906 4300 962 4364 ,est
981 4291 1116 4359 animus.
1169 4293 1241 4363 Sed
