<?xml version="1.0" encoding="UTF-8"?>
<!DOCTYPE html PUBLIC "-//W3C//DTD XHTML 1.0 Transitional//EN"
    "http://www.w3.org/TR/xhtml1/DTD/xhtml1-transitional.dtd">
<html xmlns="http://www.w3.org/1999/xhtml" xml:lang="en" lang="en">
 <head>
  <title>
</title>
<meta http-equiv="Content-Type" content="text/html;charset=utf-8" />
  <meta name='ocr-system' content='tesseract 3.04.00' />
  <meta name='ocr-capabilities' content='ocr_page ocr_carea ocr_par ocr_line ocrx_word'/>
</head>
<body>
  <div class='ocr_page' id='page_1' title='image "./opuscula10hermgoog/opuscula10hermgoog_0349.png"; bbox 0 0 2918 4890; ppageno 0'>
   <div class='ocr_carea' id='block_1_1' title="bbox 129 248 1199 371">
    <p class='ocr_par' dir='ltr' id='par_1_1' title="bbox 129 248 1199 371">
     <span class='ocr_line' id='line_1_1' title="bbox 129 248 1199 371; baseline -0.016 0"><span class='ocrx_word' id='word_1_1' title='bbox 129 248 172 371; x_wconf 49' lang='grc' dir='ltr'><strong>ῤ’</strong></span> <span class='ocrx_word' id='word_1_2' title='bbox 215 301 280 364; x_wconf 75' lang='lat' dir='ltr'><strong>aso</strong></span> <span class='ocrx_word' id='word_1_3' title='bbox 363 295 512 359; x_wconf 79' lang='lat' dir='ltr'><strong>sumen</strong></span> <span class='ocrx_word' id='word_1_4' title='bbox 529 293 679 356; x_wconf 75' lang='lat' dir='ltr'><strong>ananus</strong></span> <span class='ocrx_word' id='word_1_5' title='bbox 694 294 849 356; x_wconf 78' lang='lat' dir='ltr'><strong>ornum</strong></span> <span class='ocrx_word' id='word_1_6' title='bbox 864 293 920 355; x_wconf 80' lang='lat' dir='ltr'><strong>ao.</strong></span> <span class='ocrx_word' id='word_1_7' title='bbox 938 292 1199 359; x_wconf 69' lang='lat' dir='ltr'><strong>insentivu-</strong></span> 
     </span>
    </p>
   </div>
   <div class='ocr_carea' id='block_1_2' title="bbox 216 478 1323 680">
    <p class='ocr_par' dir='ltr' id='par_1_2' title="bbox 216 478 1323 680">
     <span class='ocr_line' id='line_1_2' title="bbox 219 478 1323 575; baseline -0.003 -21"><span class='ocrx_word' id='word_1_8' title='bbox 219 486 259 554; x_wconf 92' lang='lat' dir='ltr'><strong>ln</strong></span> <span class='ocrx_word' id='word_1_9' title='bbox 272 484 325 554; x_wconf 88' lang='lat' dir='ltr'><strong>his</strong></span> <span class='ocrx_word' id='word_1_10' title='bbox 345 478 599 558; x_wconf 78' lang='grc' dir='ltr'><strong><em>λευκόστικτον</em></strong></span> <span class='ocrx_word' id='word_1_11' title='bbox 616 506 636 550; x_wconf 93' lang='lat' dir='ltr'><strong>e</strong></span> <span class='ocrx_word' id='word_1_12' title='bbox 651 482 817 575; x_wconf 80' lang='lat' dir='ltr'><strong>Stephani</strong></span> <span class='ocrx_word' id='word_1_13' title='bbox 839 483 986 552; x_wconf 81' lang='lat' dir='ltr'><strong>editione</strong></span> <span class='ocrx_word' id='word_1_14' title='bbox 1008 483 1172 570; x_wconf 83' lang='lat' dir='ltr'><strong>manavit,</strong></span> <span class='ocrx_word' id='word_1_15' title='bbox 1202 506 1323 552; x_wconf 86' lang='lat' dir='ltr'><strong>secure</strong></span> 
     </span>
     <span class='ocr_line' id='line_1_3' title="bbox 216 587 1323 680; baseline -0.004 -22"><span class='ocrx_word' id='word_1_16' title='bbox 216 591 252 658; x_wconf 93' lang='lat' dir='ltr'><strong>iu</strong></span> <span class='ocrx_word' id='word_1_17' title='bbox 275 613 316 657; x_wconf 92' lang='lat' dir='ltr'><strong>ea</strong></span> <span class='ocrx_word' id='word_1_18' title='bbox 331 589 497 680; x_wconf 88' lang='lat' dir='ltr'><strong>scriptura</strong></span> <span class='ocrx_word' id='word_1_19' title='bbox 512 587 799 675; x_wconf 84' lang='lat' dir='ltr'><strong>acquiescentibus</strong></span> <span class='ocrx_word' id='word_1_20' title='bbox 819 587 990 680; x_wconf 90' lang='lat' dir='ltr'><strong>plerisque</strong></span> <span class='ocrx_word' id='word_1_21' title='bbox 1015 587 1209 656; x_wconf 87' lang='lat' dir='ltr'><strong>doctorum:</strong></span> <span class='ocrx_word' id='word_1_22' title='bbox 1232 610 1323 677; x_wconf 92' lang='lat' dir='ltr'><strong>quo-</strong></span> 
     </span>
    </p>
   </div>
   <div class='ocr_carea' id='block_1_3' title="bbox 77 690 1319 783">
    <p class='ocr_par' dir='ltr' id='par_1_3' title="bbox 77 690 1319 783">
     <span class='ocr_line' id='line_1_4' title="bbox 77 690 1319 783; baseline -0.002 -22"><span class='ocrx_word' id='word_1_23' title='bbox 77 724 81 735; x_wconf 88' lang='lat'><strong>·</strong></span> <span class='ocrx_word' id='word_1_24' title='bbox 216 715 292 761; x_wconf 86' lang='lat' dir='ltr'><strong>rum</strong></span> <span class='ocrx_word' id='word_1_25' title='bbox 307 713 383 777; x_wconf 94' lang='lat' dir='ltr'><strong>eos,</strong></span> <span class='ocrx_word' id='word_1_26' title='bbox 410 690 468 780; x_wconf 90' lang='lat' dir='ltr'><strong>qui</strong></span> <span class='ocrx_word' id='word_1_27' title='bbox 484 699 565 782; x_wconf 91' lang='lat' dir='ltr'><strong>post</strong></span> <span class='ocrx_word' id='word_1_28' title='bbox 574 691 760 758; x_wconf 88' lang='lat' dir='ltr'><strong>accuratius</strong></span> <span class='ocrx_word' id='word_1_29' title='bbox 774 691 944 783; x_wconf 80' lang='lat' dir='ltr'><strong>cognitam</strong></span> <span class='ocrx_word' id='word_1_30' title='bbox 959 714 1032 758; x_wconf 92' lang='lat' dir='ltr'><strong>rem</strong></span> <span class='ocrx_word' id='word_1_31' title='bbox 1055 691 1229 758; x_wconf 81' lang='lat' dir='ltr'><strong>metricam</strong></span> <span class='ocrx_word' id='word_1_32' title='bbox 1248 693 1319 758; x_wconf 82' lang='lat' dir='ltr'><strong>Ae·</strong></span> 
     </span>
    </p>
   </div>
   <div class='ocr_carea' id='block_1_4' title="bbox 151 793 1377 2533">
    <p class='ocr_par' dir='ltr' id='par_1_4' title="bbox 151 793 1377 2533">
     <span class='ocr_line' id='line_1_5' title="bbox 216 793 1323 886; baseline -0.002 -22"><span class='ocrx_word' id='word_1_33' title='bbox 216 795 372 885; x_wconf 82' lang='lat' dir='ltr'><strong>schylum</strong></span> <span class='ocrx_word' id='word_1_34' title='bbox 394 795 577 886; x_wconf 86' lang='lat' dir='ltr'><strong>attigerunt</strong></span> <span class='ocrx_word' id='word_1_35' title='bbox 591 793 645 860; x_wconf 87' lang='lat' dir='ltr'><strong>vel</strong></span> <span class='ocrx_word' id='word_1_36' title='bbox 659 814 701 860; x_wconf 85' lang='lat' dir='ltr'><strong>ex</strong></span> <span class='ocrx_word' id='word_1_37' title='bbox 718 795 862 862; x_wconf 90' lang='lat' dir='ltr'><strong>numeris</strong></span> <span class='ocrx_word' id='word_1_38' title='bbox 880 794 1104 886; x_wconf 79' lang='lat' dir='ltr'><strong>suspicionem</strong></span> <span class='ocrx_word' id='word_1_39' title='bbox 1118 794 1187 860; x_wconf 87' lang='lat' dir='ltr'><strong>vitii</strong></span> <span class='ocrx_word' id='word_1_40' title='bbox 1205 795 1323 862; x_wconf 92' lang='lat' dir='ltr'><strong>conci-</strong></span> 
     </span>
     <span class='ocr_line' id='line_1_6' title="bbox 215 894 1321 991; baseline -0.004 -24"><span class='ocrx_word' id='word_1_41' title='bbox 215 922 300 991; x_wconf 86' lang='lat' dir='ltr'><strong>pere</strong></span> <span class='ocrx_word' id='word_1_42' title='bbox 327 897 524 988; x_wconf 82' lang='lat' dir='ltr'><strong>oportebat,</strong></span> <span class='ocrx_word' id='word_1_43' title='bbox 557 918 660 983; x_wconf 92' lang='lat' dir='ltr'><strong>quum</strong></span> <span class='ocrx_word' id='word_1_44' title='bbox 690 897 748 984; x_wconf 91' lang='lat' dir='ltr'><strong>qui</strong></span> <span class='ocrx_word' id='word_1_45' title='bbox 773 896 853 965; x_wconf 92' lang='lat' dir='ltr'><strong>huic</strong></span> <span class='ocrx_word' id='word_1_46' title='bbox 879 897 1065 988; x_wconf 86' lang='lat' dir='ltr'><strong>respondet</strong></span> <span class='ocrx_word' id='word_1_47' title='bbox 1092 919 1205 964; x_wconf 88' lang='lat' dir='ltr'><strong>versus</strong></span> <span class='ocrx_word' id='word_1_48' title='bbox 1232 894 1321 964; x_wconf 73' lang='lat'><strong>367.</strong></span> 
     </span>
     <span class='ocr_line' id='line_1_7' title="bbox 216 993 1322 1094; baseline -0.002 -26"><span class='ocrx_word' id='word_1_49' title='bbox 216 1001 271 1070; x_wconf 89' lang='lat' dir='ltr'><strong>his</strong></span> <span class='ocrx_word' id='word_1_50' title='bbox 286 1002 398 1069; x_wconf 84' lang='lat' dir='ltr'><strong>verbis</strong></span> <span class='ocrx_word' id='word_1_51' title='bbox 413 999 565 1093; x_wconf 83' lang='lat' dir='ltr'><strong>incipiat,</strong></span> <span class='ocrx_word' id='word_1_52' title='bbox 590 993 856 1094; x_wconf 78' lang='grc' dir='ltr'><strong><em>ποτιτρόπαιον</em></strong></span> <span class='ocrx_word' id='word_1_53' title='bbox 878 994 1086 1090; x_wconf 75' lang='grc' dir='ltr'><strong><em>αἰδόμενοςτ</em></strong></span> <span class='ocrx_word' id='word_1_54' title='bbox 1116 1022 1232 1067; x_wconf 92' lang='lat' dir='ltr'><strong>omnes</strong></span> <span class='ocrx_word' id='word_1_55' title='bbox 1258 1023 1322 1066; x_wconf 87' lang='lat' dir='ltr'><strong>au-</strong></span> 
     </span>
     <span class='ocr_line' id='line_1_8' title="bbox 217 1100 1322 1194; baseline -0.001 -22"><span class='ocrx_word' id='word_1_56' title='bbox 217 1113 304 1192; x_wconf 85' lang='lat' dir='ltr'><strong>tem,</strong></span> <span class='ocrx_word' id='word_1_57' title='bbox 331 1104 359 1170; x_wconf 91' lang='lat' dir='ltr'><strong>si</strong></span> <span class='ocrx_word' id='word_1_58' title='bbox 379 1100 517 1192; x_wconf 91' lang='lat' dir='ltr'><strong>quidem</strong></span> <span class='ocrx_word' id='word_1_59' title='bbox 533 1101 740 1191; x_wconf 79' lang='lat' dir='ltr'><strong>Aeschylum</strong></span> <span class='ocrx_word' id='word_1_60' title='bbox 758 1102 930 1194; x_wconf 84' lang='lat' dir='ltr'><strong>cognitum</strong></span> <span class='ocrx_word' id='word_1_61' title='bbox 947 1102 1126 1188; x_wconf 88' lang='lat' dir='ltr'><strong>haberent,</strong></span> <span class='ocrx_word' id='word_1_62' title='bbox 1152 1104 1322 1171; x_wconf 84' lang='lat' dir='ltr'><strong>vocabulo</strong></span> 
     </span>
     <span class='ocr_line' id='line_1_9' title="bbox 218 1204 1323 1297; baseline -0.003 -22"><span class='ocrx_word' id='word_1_63' title='bbox 218 1207 424 1275; x_wconf 86' lang='lat' dir='ltr'><strong>commoveri</strong></span> <span class='ocrx_word' id='word_1_64' title='bbox 447 1205 591 1273; x_wconf 88' lang='lat' dir='ltr'><strong>decebat</strong></span> <span class='ocrx_word' id='word_1_65' title='bbox 610 1227 778 1295; x_wconf 87' lang='lat' dir='ltr'><strong>perquam</strong></span> <span class='ocrx_word' id='word_1_66' title='bbox 803 1204 928 1297; x_wconf 90' lang='lat' dir='ltr'><strong>inepto.</strong></span> <span class='ocrx_word' id='word_1_67' title='bbox 980 1205 1075 1290; x_wconf 83' lang='lat' dir='ltr'><strong>Quid</strong></span> <span class='ocrx_word' id='word_1_68' title='bbox 1097 1206 1208 1274; x_wconf 84' lang='lat' dir='ltr'><strong>eninr?</strong></span> <span class='ocrx_word' id='word_1_69' title='bbox 1239 1228 1323 1273; x_wconf 92' lang='lat' dir='ltr'><strong>num</strong></span> 
     </span>
     <span class='ocr_line' id='line_1_10' title="bbox 218 1307 1323 1401; baseline -0.002 -23"><span class='ocrx_word' id='word_1_70' title='bbox 218 1310 301 1378; x_wconf 89' lang='lat' dir='ltr'><strong>albis</strong></span> <span class='ocrx_word' id='word_1_71' title='bbox 325 1309 502 1378; x_wconf 85' lang='lat' dir='ltr'><strong>distinctae</strong></span> <span class='ocrx_word' id='word_1_72' title='bbox 524 1307 662 1375; x_wconf 88' lang='lat' dir='ltr'><strong>maculis</strong></span> <span class='ocrx_word' id='word_1_73' title='bbox 684 1330 808 1376; x_wconf 87' lang='lat' dir='ltr'><strong>vaccae</strong></span> <span class='ocrx_word' id='word_1_74' title='bbox 830 1309 938 1401; x_wconf 82' lang='lat' dir='ltr'><strong>magis</strong></span> <span class='ocrx_word' id='word_1_75' title='bbox 952 1331 1055 1397; x_wconf 88' lang='lat' dir='ltr'><strong>quam</strong></span> <span class='ocrx_word' id='word_1_76' title='bbox 1070 1333 1157 1398; x_wconf 91' lang='lat' dir='ltr'><strong>quae</strong></span> <span class='ocrx_word' id='word_1_77' title='bbox 1178 1311 1243 1377; x_wconf 91' lang='lat' dir='ltr'><strong>alio</strong></span> <span class='ocrx_word' id='word_1_78' title='bbox 1260 1332 1323 1376; x_wconf 91' lang='lat' dir='ltr'><strong>co-</strong></span> 
     </span>
     <span class='ocr_line' id='line_1_11' title="bbox 151 1409 1323 1504; baseline -0.002 -23"><span class='ocrx_word' id='word_1_79' title='bbox 151 1420 155 1440; x_wconf 80' lang='lat'><em>³</em></span> <span class='ocrx_word' id='word_1_80' title='bbox 219 1415 292 1481; x_wconf 89' lang='lat' dir='ltr'><strong>lore</strong></span> <span class='ocrx_word' id='word_1_81' title='bbox 316 1421 431 1481; x_wconf 86' lang='lat' dir='ltr'><strong>sunta</strong></span> <span class='ocrx_word' id='word_1_82' title='bbox 452 1412 586 1502; x_wconf 86' lang='lat' dir='ltr'><strong>pascuis</strong></span> <span class='ocrx_word' id='word_1_83' title='bbox 611 1409 654 1477; x_wconf 88' lang='lat' dir='ltr'><strong>ad</strong></span> <span class='ocrx_word' id='word_1_84' title='bbox 677 1410 765 1478; x_wconf 82' lang='lat' dir='ltr'><strong>invia</strong></span> <span class='ocrx_word' id='word_1_85' title='bbox 789 1410 1026 1503; x_wconf 79' lang='lat' dir='ltr'><strong>derogantur?</strong></span> <span class='ocrx_word' id='word_1_86' title='bbox 1065 1412 1143 1480; x_wconf 89' lang='lat' dir='ltr'><strong>Non</strong></span> <span class='ocrx_word' id='word_1_87' title='bbox 1165 1420 1323 1504; x_wconf 87' lang='lat' dir='ltr'><strong>potuerat</strong></span> 
     </span>
     <span class='ocr_line' id='line_1_12' title="bbox 217 1514 1377 1610; baseline -0.001 -27"><span class='ocrx_word' id='word_1_88' title='bbox 217 1516 375 1610; x_wconf 86' lang='lat' dir='ltr'><strong>profecto</strong></span> <span class='ocrx_word' id='word_1_89' title='bbox 397 1515 543 1582; x_wconf 81' lang='lat' dir='ltr'><strong>inutilius</strong></span> <span class='ocrx_word' id='word_1_90' title='bbox 557 1523 668 1605; x_wconf 87' lang='lat' dir='ltr'><strong>poeta</strong></span> <span class='ocrx_word' id='word_1_91' title='bbox 690 1522 791 1602; x_wconf 87' lang='lat' dir='ltr'><strong>atque</strong></span> <span class='ocrx_word' id='word_1_92' title='bbox 825 1514 960 1584; x_wconf 87' lang='lat' dir='ltr'><strong>inertius</strong></span> <span class='ocrx_word' id='word_1_93' title='bbox 983 1539 1111 1606; x_wconf 90' lang='lat' dir='ltr'><strong>ponere</strong></span> <span class='ocrx_word' id='word_1_94' title='bbox 1135 1515 1321 1607; x_wconf 86' lang='lat' dir='ltr'><strong>epitheton.</strong></span> <span class='ocrx_word' id='word_1_95' title='bbox 1374 1568 1377 1573; x_wconf 88' lang='lat'><em>.</em></span> 
     </span>
     <span class='ocr_line' id='line_1_13' title="bbox 219 1616 1323 1710; baseline -0.001 -23"><span class='ocrx_word' id='word_1_96' title='bbox 219 1619 312 1687; x_wconf 89' lang='lat' dir='ltr'><strong>Vnus</strong></span> <span class='ocrx_word' id='word_1_97' title='bbox 342 1627 471 1685; x_wconf 88' lang='lat' dir='ltr'><strong>tantum</strong></span> <span class='ocrx_word' id='word_1_98' title='bbox 501 1616 709 1698; x_wconf 86' lang='lat' dir='ltr'><strong>criticorum,</strong></span> <span class='ocrx_word' id='word_1_99' title='bbox 742 1619 937 1686; x_wconf 87' lang='lat' dir='ltr'><strong>temerarius</strong></span> <span class='ocrx_word' id='word_1_100' title='bbox 964 1619 1021 1686; x_wconf 91' lang='lat' dir='ltr'><strong>ille</strong></span> <span class='ocrx_word' id='word_1_101' title='bbox 1054 1618 1192 1707; x_wconf 92' lang='lat' dir='ltr'><strong>quidem</strong></span> <span class='ocrx_word' id='word_1_102' title='bbox 1219 1641 1323 1710; x_wconf 87' lang='lat' dir='ltr'><strong>supra</strong></span> 
     </span>
     <span class='ocr_line' id='line_1_14' title="bbox 218 1719 1322 1810; baseline -0.002 -20"><span class='ocrx_word' id='word_1_103' title='bbox 218 1720 377 1804; x_wconf 91' lang='lat' dir='ltr'><strong>modum,</strong></span> <span class='ocrx_word' id='word_1_104' title='bbox 417 1719 478 1789; x_wconf 87' lang='lat' dir='ltr'><strong>sed</strong></span> <span class='ocrx_word' id='word_1_105' title='bbox 510 1741 616 1810; x_wconf 81' lang='lat' dir='ltr'><strong>sagax</strong></span> <span class='ocrx_word' id='word_1_106' title='bbox 648 1727 762 1787; x_wconf 89' lang='lat' dir='ltr'><strong>tamen</strong></span> <span class='ocrx_word' id='word_1_107' title='bbox 788 1729 823 1787; x_wconf 90' lang='lat' dir='ltr'><strong>et</strong></span> <span class='ocrx_word' id='word_1_108' title='bbox 854 1743 922 1788; x_wconf 93' lang='lat' dir='ltr'><strong>uon</strong></span> <span class='ocrx_word' id='word_1_109' title='bbox 956 1720 1087 1789; x_wconf 89' lang='lat' dir='ltr'><strong>hebetis</strong></span> <span class='ocrx_word' id='word_1_110' title='bbox 1118 1723 1168 1790; x_wconf 86' lang='lat' dir='ltr'><strong>vir</strong></span> <span class='ocrx_word' id='word_1_111' title='bbox 1198 1721 1322 1806; x_wconf 93' lang='lat' dir='ltr'><strong>iudicii,</strong></span> 
     </span>
     <span class='ocr_line' id='line_1_15' title="bbox 220 1823 1323 1915; baseline -0.003 -22"><span class='ocrx_word' id='word_1_112' title='bbox 220 1824 390 1915; x_wconf 82' lang='lat' dir='ltr'><strong>Georgius</strong></span> <span class='ocrx_word' id='word_1_113' title='bbox 412 1823 614 1915; x_wconf 81' lang='lat' dir='ltr'><strong>Burgesius‚</strong></span> <span class='ocrx_word' id='word_1_114' title='bbox 641 1831 768 1889; x_wconf 86' lang='lat' dir='ltr'><strong>rectam</strong></span> <span class='ocrx_word' id='word_1_115' title='bbox 793 1831 843 1890; x_wconf 78' lang='lat' dir='ltr'><strong>est</strong></span> <span class='ocrx_word' id='word_1_116' title='bbox 860 1824 930 1890; x_wconf 85' lang='lat' dir='ltr'><strong>veri</strong></span> <span class='ocrx_word' id='word_1_117' title='bbox 953 1824 1141 1892; x_wconf 86' lang='lat' dir='ltr'><strong>inveniendi</strong></span> <span class='ocrx_word' id='word_1_118' title='bbox 1162 1825 1249 1892; x_wconf 85' lang='lat' dir='ltr'><strong>viam</strong></span> <span class='ocrx_word' id='word_1_119' title='bbox 1267 1825 1323 1891; x_wconf 90' lang='lat' dir='ltr'><strong>in-</strong></span> 
     </span>
     <span class='ocr_line' id='line_1_16' title="bbox 219 1925 1323 2019; baseline -0.001 -25"><span class='ocrx_word' id='word_1_120' title='bbox 219 1949 369 2019; x_wconf 84' lang='lat' dir='ltr'><strong>gressus,</strong></span> <span class='ocrx_word' id='word_1_121' title='bbox 391 1948 595 2016; x_wconf 89' lang='lat' dir='ltr'><strong>quamquam</strong></span> <span class='ocrx_word' id='word_1_122' title='bbox 615 1925 724 2017; x_wconf 89' lang='lat' dir='ltr'><strong>ipsam</strong></span> <span class='ocrx_word' id='word_1_123' title='bbox 741 1926 874 2014; x_wconf 87' lang='lat' dir='ltr'><strong>assequi</strong></span> <span class='ocrx_word' id='word_1_124' title='bbox 890 1928 1065 1995; x_wconf 87' lang='lat' dir='ltr'><strong>veritatem</strong></span> <span class='ocrx_word' id='word_1_125' title='bbox 1079 1928 1237 2017; x_wconf 84' lang='lat' dir='ltr'><strong>nequivit</strong></span> <span class='ocrx_word' id='word_1_126' title='bbox 1290 1927 1323 1994; x_wconf 91' lang='lat' dir='ltr'><strong>ls</strong></span> 
     </span>
     <span class='ocr_line' id='line_1_17' title="bbox 220 2010 1324 2124; baseline -0.003 -23"><span class='ocrx_word' id='word_1_127' title='bbox 220 2023 311 2122; x_wconf 78' lang='grc' dir='ltr'><strong><em>λύκῳ</em></strong></span> <span class='ocrx_word' id='word_1_128' title='bbox 333 2022 483 2124; x_wconf 81' lang='grc' dir='ltr'><strong><em>δερκτόν</em></strong></span> <span class='ocrx_word' id='word_1_129' title='bbox 496 2028 646 2120; x_wconf 77' lang='lat' dir='ltr'><strong>scripsit.</strong></span> <span class='ocrx_word' id='word_1_130' title='bbox 706 2030 752 2097; x_wconf 86' lang='lat' dir='ltr'><strong>At</strong></span> <span class='ocrx_word' id='word_1_131' title='bbox 774 2029 827 2096; x_wconf 90' lang='lat' dir='ltr'><strong>cui</strong></span> <span class='ocrx_word' id='word_1_132' title='bbox 848 2010 1040 2099; x_wconf 67' lang='lat' dir='ltr'><strong>tandem&#39;iet</strong></span> <span class='ocrx_word' id='word_1_133' title='bbox 1058 2031 1221 2098; x_wconf 88' lang='lat' dir='ltr'><strong>librorum</strong></span> <span class='ocrx_word' id='word_1_134' title='bbox 1244 2039 1324 2098; x_wconf 88' lang='lat' dir='ltr'><strong>ante</strong></span> 
     </span>
     <span class='ocr_line' id='line_1_18' title="bbox 220 2122 1326 2224; baseline -0.002 -22"><span class='ocrx_word' id='word_1_135' title='bbox 220 2131 434 2224; x_wconf 86' lang='lat' dir='ltr'><strong>Stephanum</strong></span> <span class='ocrx_word' id='word_1_136' title='bbox 466 2130 613 2200; x_wconf 91' lang='lat' dir='ltr'><strong>omnium</strong></span> <span class='ocrx_word' id='word_1_137' title='bbox 643 2130 842 2223; x_wconf 87' lang='lat' dir='ltr'><strong>scripturam</strong></span> <span class='ocrx_word' id='word_1_138' title='bbox 868 2122 1097 2205; x_wconf 74' lang='lat' dir='ltr'><strong>levito&#39;dmov</strong></span> <span class='ocrx_word' id='word_1_139' title='bbox 1123 2133 1263 2202; x_wconf 90' lang='lat' dir='ltr'><strong>intuenti</strong></span> <span class='ocrx_word' id='word_1_140' title='bbox 1290 2141 1326 2202; x_wconf 86' lang='lat' dir='ltr'><strong>et</strong></span> 
     </span>
     <span class='ocr_line' id='line_1_19' title="bbox 220 2226 1325 2354; baseline 0.005 -51"><span class='ocrx_word' id='word_1_141' title='bbox 220 2235 419 2335; x_wconf 86' lang='lat' dir='ltr'><strong>scholiastae</strong></span> <span class='ocrx_word' id='word_1_142' title='bbox 442 2226 567 2354; x_wconf 57' lang='lat' dir='ltr'><strong>legenti</strong></span> <span class='ocrx_word' id='word_1_143' title='bbox 589 2233 857 2322; x_wconf 87' lang='lat' dir='ltr'><strong>adnotationem,</strong></span> <span class='ocrx_word' id='word_1_144' title='bbox 884 2235 938 2328; x_wconf 78' lang='grc' dir='ltr'><strong>τῷ</strong></span> <span class='ocrx_word' id='word_1_145' title='bbox 949 2235 1082 2337; x_wconf 74' lang='grc' dir='ltr'><strong>ιἑαυτῆς</strong></span> <span class='ocrx_word' id='word_1_146' title='bbox 1097 2236 1231 2332; x_wconf 78' lang='grc' dir='ltr'><strong><em>βοτῆρι</em></strong></span> <span class='ocrx_word' id='word_1_147' title='bbox 1253 2262 1325 2330; x_wconf 80' lang='grc' dir='ltr'><strong>ση-</strong></span> 
     </span>
     <span class='ocr_line' id='line_1_20' title="bbox 219 2330 1325 2430; baseline -0.002 -20"><span class='ocrx_word' id='word_1_148' title='bbox 219 2338 403 2430; x_wconf 85' lang='grc' dir='ltr'><strong><em>μαίνουσα</em></strong></span> <span class='ocrx_word' id='word_1_149' title='bbox 418 2363 513 2416; x_wconf 45' lang='grc' dir='ltr'><strong><em>,τους</em></strong></span> <span class='ocrx_word' id='word_1_150' title='bbox 540 2330 736 2429; x_wconf 70' lang='lat' dir='ltr'><strong>diatyposis,</strong></span> <span class='ocrx_word' id='word_1_151' title='bbox 769 2337 950 2407; x_wconf 86' lang='lat' dir='ltr'><strong>obscurum</strong></span> <span class='ocrx_word' id='word_1_152' title='bbox 971 2362 1044 2407; x_wconf 87' lang='lat' dir='ltr'><strong>esse</strong></span> <span class='ocrx_word' id='word_1_153' title='bbox 1072 2347 1203 2430; x_wconf 89' lang='lat' dir='ltr'><strong>potest,</strong></span> <span class='ocrx_word' id='word_1_154' title='bbox 1236 2339 1325 2408; x_wconf 87' lang='lat' dir='ltr'><strong>scri-</strong></span> 
     </span>
     <span class='ocr_line' id='line_1_21' title="bbox 218 2436 568 2533; baseline -0.003 -24"><span class='ocrx_word' id='word_1_155' title='bbox 218 2442 326 2533; x_wconf 85' lang='lat' dir='ltr'><strong>psisse</strong></span> <span class='ocrx_word' id='word_1_156' title='bbox 342 2436 568 2529; x_wconf 81' lang='lat' dir='ltr'><strong>Aeschylum:</strong></span> 
     </span>
    </p>
   </div>
   <div class='ocr_carea' id='block_1_5' title="bbox 373 2576 1252 2998">
    <p class='ocr_par' dir='ltr' id='par_1_5' title="bbox 373 2576 1252 2893">
     <span class='ocr_line' id='line_1_22' title="bbox 373 2576 1252 2688; baseline 0.007 -24"><span class='ocrx_word' id='word_1_157' title='bbox 373 2593 427 2664; x_wconf 81' lang='lat' dir='ltr'><strong>ide</strong></span> <span class='ocrx_word' id='word_1_158' title='bbox 452 2617 501 2684; x_wconf 78' lang='grc' dir='ltr'><strong>με</strong></span> <span class='ocrx_word' id='word_1_159' title='bbox 526 2576 596 2663; x_wconf 68' lang='lat' dir='ltr'><strong>aab</strong></span> <span class='ocrx_word' id='word_1_160' title='bbox 623 2593 735 2666; x_wconf 78' lang='grc' dir='ltr'><strong><em>ἱκέτιν</em></strong></span> <span class='ocrx_word' id='word_1_161' title='bbox 762 2587 905 2686; x_wconf 73' lang='grc' dir='ltr'><strong><em>φυγάδα</em></strong></span> <span class='ocrx_word' id='word_1_162' title='bbox 928 2592 1169 2688; x_wconf 75' lang='grc' dir='ltr'><strong><em>περίδρομον,</em></strong></span> <span class='ocrx_word' id='word_1_163' title='bbox 1249 2665 1252 2670; x_wconf 89' lang='grc'><strong>,</strong></span> 
     </span>
     <span class='ocr_line' id='line_1_23' title="bbox 373 2687 1117 2792; baseline 0.004 -27"><span class='ocrx_word' id='word_1_164' title='bbox 373 2692 612 2767; x_wconf 75' lang='grc' dir='ltr'><strong><em>λυκοδίωκτον</em></strong></span> <span class='ocrx_word' id='word_1_165' title='bbox 638 2691 683 2775; x_wconf 79' lang='lat' dir='ltr'><strong>uic</strong></span> <span class='ocrx_word' id='word_1_166' title='bbox 709 2687 867 2785; x_wconf 67' lang='grc' dir='ltr'><strong><em>δυ’,υαλιν</em></strong></span> <span class='ocrx_word' id='word_1_167' title='bbox 889 2694 941 2788; x_wconf 75' lang='grc' dir='ltr'><strong>ἂμ</strong></span> <span class='ocrx_word' id='word_1_168' title='bbox 968 2697 1117 2792; x_wconf 75' lang='grc' dir='ltr'><strong><em>πέτραις</em></strong></span> 
     </span>
     <span class='ocr_line' id='line_1_24' title="bbox 374 2791 1089 2893; baseline 0.003 -25"><span class='ocrx_word' id='word_1_169' title='bbox 374 2791 563 2893; x_wconf 74' lang='grc' dir='ltr'><strong><em>ἠλιβάτοις</em></strong></span> <span class='ocrx_word' id='word_1_170' title='bbox 570 2850 584 2884; x_wconf 91' lang='lat'><em>‚</em></span> <span class='ocrx_word' id='word_1_171' title='bbox 612 2793 661 2868; x_wconf 83' lang='grc' dir='ltr'><strong>ἵν’</strong></span> <span class='ocrx_word' id='word_1_172' title='bbox 677 2793 771 2891; x_wconf 76' lang='grc' dir='ltr'><strong><em>α’λκᾷ</em></strong></span> <span class='ocrx_word' id='word_1_173' title='bbox 795 2796 941 2876; x_wconf 81' lang='grc' dir='ltr'><strong><em>πίσυνος</em></strong></span> <span class='ocrx_word' id='word_1_174' title='bbox 966 2799 1089 2891; x_wconf 78' lang='grc' dir='ltr'><strong><em>μέμυ-</em></strong></span> 
     </span>
    </p>

    <p class='ocr_par' dir='ltr' id='par_1_6' title="bbox 374 2893 1178 2998">
     <span class='ocr_line' id='line_1_25' title="bbox 374 2893 1178 2998; baseline -0.001 -28"><span class='ocrx_word' id='word_1_175' title='bbox 374 2900 412 2971; x_wconf 80' lang='lat' dir='ltr'><strong>aa</strong></span> <span class='ocrx_word' id='word_1_176' title='bbox 439 2896 611 2995; x_wconf 14' lang='lat'>******</span> <span class='ocrx_word' id='word_1_177' title='bbox 631 2893 818 2995; x_wconf 76' lang='grc' dir='ltr'><strong><em>φράζουσα</em></strong></span> <span class='ocrx_word' id='word_1_178' title='bbox 844 2900 978 2998; x_wconf 76' lang='grc' dir='ltr'><strong><em>βοτῆρι</em></strong></span> <span class='ocrx_word' id='word_1_179' title='bbox 1004 2896 1178 2996; x_wconf 79' lang='grc' dir='ltr'><strong><em>μόχθους.</em></strong></span> 
     </span>
    </p>
   </div>
   <div class='ocr_carea' id='block_1_6' title="bbox 113 3007 735 3125">
    <p class='ocr_par' dir='ltr' id='par_1_7' title="bbox 113 3007 735 3125">
     <span class='ocr_line' id='line_1_26' title="bbox 113 3007 735 3125; baseline 0.014 -8"><span class='ocrx_word' id='word_1_180' title='bbox 113 3007 128 3117; x_wconf 40' lang='grc' dir='ltr'><strong>λ’</strong></span> <span class='ocrx_word' id='word_1_181' title='bbox 220 3032 293 3122; x_wconf 87' lang='lat' dir='ltr'><strong>Sed</strong></span> <span class='ocrx_word' id='word_1_182' title='bbox 314 3052 424 3122; x_wconf 90' lang='lat' dir='ltr'><strong>nullus</strong></span> <span class='ocrx_word' id='word_1_183' title='bbox 450 3050 616 3120; x_wconf 89' lang='lat' dir='ltr'><strong>editorum</strong></span> <span class='ocrx_word' id='word_1_184' title='bbox 642 3051 735 3125; x_wconf 90' lang='lat' dir='ltr'><strong>vidit.</strong></span> 
     </span>
    </p>
   </div>
   <div class='ocr_carea' id='block_1_7' title="bbox 0 0 1475 4890">
    <p class='ocr_par' dir='ltr' id='par_1_8' title="bbox 0 0 1475 4890">
     <span class='ocr_line' id='line_1_27' title="bbox 0 0 1475 4890; baseline 0 0"><span class='ocrx_word' id='word_1_185' title='bbox 0 0 1475 4890; x_wconf 95' lang='lat' dir='ltr'><strong> </strong></span> 
     </span>
    </p>
   </div>
  </div>
 </body>
</html>
