2918 4890
499 296 502 298 -
531 261 615 324 ΗΒ.
640 264 681 324 11.
723 263 820 327 clu.
843 269 874 332 9.
1196 270 1258 335 ill

146 449 288 532 defendi
301 456 426 544 potest,
448 459 560 519 tamen
578 474 647 520 uon
664 455 892 546 praetulerim.
945 454 1051 542 Quod
1064 458 1191 530 editum
1207 473 1259 533 est

147 561 212 634 ἕως
237 551 302 643 οἷν,
329 563 438 622 metro
461 564 651 648 repugnat,
678 581 741 626 nec
765 559 906 650 prodest
928 562 1127 652 sententiae,
1153 567 1257 658 siqui-

146 657 259 726 dem
249 679 316 724 ram
334 657 427 725 facto
445 660 703 750 comprobatum
724 670 774 729 est
797 661 880 729 illud
895 664 1086 752 oraculum,
1116 669 1258 741 florente

145 761 269 852 populi
284 761 425 828 studiis
416 769 479 828 isto
494 761 730 854 Paphlagoue.
782 763 973 856 Sophocles
988 767 1116 842 Trach.
1134 768 1219 844 14Ί

250 909 334 986 ἀλλ’
351 911 496 1044 ηδρναῖς
511 911 683 1005 οἷμοχθον
698 913 925 1012 ε’ξαίρειβίον
1037 958 1040 963 ·

251 1020 285 1096 ές
299 1012 433 1104 τοῦθ’,
454 1021 517 1096 ἕως
531 1044 587 1098 τις
602 1013 686 1089 α’ντί
703 1021 892 1113 παρθένου
909 1046 997 1116 γυνη

249 1117 384 1215 αληθῇ,
409 1113 558 1214 λοίβη
520 1147 543 1190 τ
574 1124 612 1192 έν
627 1145 727 1193 νυατι
720 1120 947 1217 φροντίδων
960 1125 1091 1223 μέρος,

251 1247 335 1318 ητον
350 1246 439 1318 προς
453 1214 624 1316 ανδρες
600 1249 622 1318 η
641 1224 774 1297 τέκνων
789 1228 1010 1325 φοβουμένη

146 1373 259 1442 Multo
282 1374 391 1466 magis
412 1381 524 1442 autem
545 1383 626 1465 apta
650 1385 701 1444 est
723 1375 810 1446 haec
828 1377 931 1469 ratio,
956 1379 1015 1448 ubi
1035 1379 1079 1450 de
1098 1403 1137 1451 re
1152 1391 1274 1476 prae-f

147 1487 260 1565 sente,
286 1477 433 1568 ideoque
447 1485 557 1566 certa,
577 1501 688 1547 sermo
706 1489 765 1548 est
817 1478 988 1551 Homerus
1001 1483 1099 1554 Iliad.
1116 1506 1155 1582 φ.
1168 1486 1229 1563 46.

563 1630 639 1704 ἐπεὶ
655 1631 700 1706 οὔ
715 1630 761 1727 μ’
773 1635 830 1709 ἔτι
845 1628 1015 1727 δειίτερον
1028 1633 1098 1714 ωδε

251 1725 381 1812 leaf*
354 1757 441 1822 αχος
458 1731 628 1832 κραδίην,
656 1733 755 1835 ὄφρα
772 1731 894 1826 ζοίοιοι
908 1736 1052 1833 μετείω.

145 1864 340 1959 Sophocles
357 1868 540 1943 Electrav.
547 1869 643 1946 223

250 2000 332 2129 ἀλλ”
347 2009 385 2079 έν
401 1998 472 2131 peip
486 2009 615 2091 δεινοῖς
630 2003 675 2082 ori
691 2001 809 2108 σχήσοι

248 2135 386 2189 ταυτας
398 2136 505 2196 ατας,

250 2208 349 2308 ὄφρα
366 2237 414 2304 με
426 2211 505 2304 βίος
520 2213 591 2309 ἔχη.

43 2401 45 2404 .
147 2344 328 2438 Euripides
346 2346 469 2480 Oreste
483 2374 514 2424 v.
531 2349 617 2420 231.
644 2345 750 2442 (231.
765 2346 878 2439 Pors.)

251 2499 359 2574 ἄκουε
374 2496 476 2599 δη
431 2474 512 2591 νυν,
540 2533 566 2576 ω
588 2501 800 2601 κασίγνητον
814 2493 930 2625 νοίρα,

252 2608 313 2684 ἕως
328 2601 460 2678 toiol’
424 2632 445 2678 σ
475 2601 516 2680 εὖ
528 2611 676 2703 φρονεῖν
693 2597 885 2702 ’.Εριννέεε

149 2755 365 2847 Quamquam
376 2756 433 2824 hic
447 2758 585 2848 quidem
602 2760 702 2827 etiam
715 2758 910 2826 indicativus
926 2779 999 2826 esse
1011 2763 1134 2849 potest
1161 2752 1256 2829 (ἴοιι-Ι

148 2867 202 2926 tra
218 2860 296 2928 vide
312 2860 421 2928 illud
412 2884 446 2930 ιιι
458 2860 569 2955 Soph.
593 2860 682 2933 Ocd.
696 2863 798 2954 Rege
814 2859 901 2929 834.

252 3040 340 3133 ημιν
354 3014 445 3107 μεν
473 3011 583 3098 acar,
610 3009 721 3088 ταῦτ
735 3007 874 3110 όννῆρ·
901 3006 1056 3092 ἔστιδ’
1031 3035 1076 3084 αν
1094 3035 1160 3084 ουν

252 3109 423 3212 προςτοῦ
438 3110 619 3213 παρόντος
634 3111 863 3213 ε’νμοίθης,”
841 3144 881 3206 εχ
886 3112 1046 3190 ἐλπίδα.

148 3268 315 3338 Incertum
334 3278 384 3338 est
403 3270 510 3354 enim,
537 3292 580 3336 an
602 3270 644 3338 sit
664 3269 834 3336 auditurus
855 3269 920 3336 illc
973 3268 1046 3338 Sed
1065 3286 1165 3333 nemo
1189 3286 1256 3334 nou
1303 3279 1305 3282 ’

148 3371 257 3458 videt,
296 3375 357 3441 etsi
381 3319 542 3440 omittitirr
567 3371 613 3445 δν
644 3374 678 3440 iu
699 3395 738 3439 re
765 3380 858 3439 certa
883 3369 1113 3463 designanda,
1144 3377 1257 3436 tamen
1361 3458 1364 3467 Ι

148 3475 254 3543 multa
271 3499 344 3544 esse
357 3477 403 3543 ita
418 3485 631 3567 comparata,
656 3485 693 3542 ut
709 3497 778 3542 ιιοιι
793 3474 856 3541 sint
873 3475 1065 3542 necessario
1078 3493 1142 3564 pro
1158 3471 1255 3537 certis

148 3578 204 3646 vel
218 3579 352 3649 incertis
370 3578 556 3651 afferenda.
589 3579 709 3667 ltaque
725 3601 793 3646 nou
807 3578 927 3646 mirum
942 3586 1007 3664 est,
1034 3577 1061 3644 si
1076 3572 1256 3661 aliquando

150 3681 250 3749 etiam
272 3682 398 3752 incerta
419 3691 457 3750 ιιι
480 3691 590 3767 certa,
617 3705 718 3773 saepe
739 3690 852 3749 autem
872 3690 963 3748 certa
977 3689 1015 3748 ut
1034 3681 1159 3746 incerta
1172 3697 1253 3766 pro-

148 3783 310 3854 feruntur.
347 3786 466 3855 Prouti
484 3786 573 3872 euim
588 3785 795 3872 consideres,
821 3784 909 3852 hauc
923 3784 979 3852 vel
993 3783 1090 3850 aliam
1109 3779 1258 3872 speciem

148 3885 332 3960 habebunt.
381 3889 433 3956 lta
463 3889 557 3980 quod
580 3910 621 3956 ex
642 3888 780 3956 Electra
803 3884 984 4012 Sophoclis
1005 3885 1189 3970 attulimus,
1222 3883 1256 3950 iu

149 3990 271 4059 eadem
285 3991 401 4060 fabula
414 4015 446 4060 v.
464 3989 550 4062 103
567 4014 645 4058 curn
660 3988 863 4084 particula
837 4016 884 4076 αν
898 3989 1101 4059 dictumest:

146 4157 150 4162 '
251 4138 333 4217 ἄλλ
350 4172 394 4218 ου
384 4139 478 4238 μέ
492 4136 538 4240 δη
550 4136 639 4240 ληξ
655 4137 802 4243 θρήνων

252 4247 432 4346 στυγεροῖν
457 4274 500 4321 τε
524 4242 637 4342 γόων,
