<?xml version="1.0" encoding="UTF-8"?>
<!DOCTYPE html PUBLIC "-//W3C//DTD XHTML 1.0 Transitional//EN"
    "http://www.w3.org/TR/xhtml1/DTD/xhtml1-transitional.dtd">
<html xmlns="http://www.w3.org/1999/xhtml" xml:lang="en" lang="en">
 <head>
  <title>
</title>
<meta http-equiv="Content-Type" content="text/html;charset=utf-8" />
  <meta name='ocr-system' content='tesseract 3.04.00' />
  <meta name='ocr-capabilities' content='ocr_page ocr_carea ocr_par ocr_line ocrx_word'/>
</head>
<body>
  <div class='ocr_page' id='page_1' title='image "./opuscula10hermgoog/opuscula10hermgoog_0275.png"; bbox 0 0 2918 4890; ppageno 0'>
   <div class='ocr_carea' id='block_1_1' title="bbox 217 285 1315 379">
    <p class='ocr_par' dir='ltr' id='par_1_1' title="bbox 217 285 1315 379">
     <span class='ocr_line' id='line_1_1' title="bbox 217 285 1315 379; baseline -0.008 -18"><span class='ocrx_word' id='word_1_1' title='bbox 217 296 283 361; x_wconf 70' lang='lat'>264</span> <span class='ocrx_word' id='word_1_2' title='bbox 347 285 1190 355; x_wconf 66' lang='lat' dir='ltr'>uanescuntononnuuuosotvuo</span> <span class='ocrx_word' id='word_1_3' title='bbox 1313 372 1315 379; x_wconf 17' lang='grc' dir='ltr'><strong><em>Α</em></strong></span> 
     </span>
    </p>
   </div>
   <div class='ocr_carea' id='block_1_2' title="bbox 79 470 1395 4384">
    <p class='ocr_par' dir='ltr' id='par_1_2' title="bbox 79 470 1395 4384">
     <span class='ocr_line' id='line_1_2' title="bbox 218 470 1325 577; baseline -0.001 -23"><span class='ocrx_word' id='word_1_4' title='bbox 218 486 291 554; x_wconf 89' lang='lat' dir='ltr'>lam</span> <span class='ocrx_word' id='word_1_5' title='bbox 315 485 453 568; x_wconf 87' lang='lat' dir='ltr'>mirum,</span> <span class='ocrx_word' id='word_1_6' title='bbox 481 470 525 548; x_wconf 60' lang='lat' dir='ltr'>⁴uc</span> <span class='ocrx_word' id='word_1_7' title='bbox 541 478 654 573; x_wconf 90' lang='lat' dir='ltr'>potius</span> <span class='ocrx_word' id='word_1_8' title='bbox 670 479 836 549; x_wconf 85' lang='lat' dir='ltr'>absonum</span> <span class='ocrx_word' id='word_1_9' title='bbox 852 503 926 549; x_wconf 90' lang='lat' dir='ltr'>esse</span> <span class='ocrx_word' id='word_1_10' title='bbox 942 479 1073 563; x_wconf 90' lang='lat' dir='ltr'>dicunt,</span> <span class='ocrx_word' id='word_1_11' title='bbox 1100 504 1179 550; x_wconf 82' lang='lat' dir='ltr'>enm</span> <span class='ocrx_word' id='word_1_12' title='bbox 1191 506 1325 577; x_wconf 83' lang='lat' dir='ltr'>rupem,</span> 
     </span>
     <span class='ocr_line' id='line_1_3' title="bbox 218 581 1326 679; baseline -0.002 -21"><span class='ocrx_word' id='word_1_13' title='bbox 218 589 253 658; x_wconf 90' lang='lat' dir='ltr'>in</span> <span class='ocrx_word' id='word_1_14' title='bbox 272 611 339 678; x_wconf 92' lang='lat' dir='ltr'>qua</span> <span class='ocrx_word' id='word_1_15' title='bbox 352 583 516 656; x_wconf 77' lang='lat' dir='ltr'>haerebat</span> <span class='ocrx_word' id='word_1_16' title='bbox 530 581 770 672; x_wconf 72' lang='lat' dir='ltr'>Prometheus,</span> <span class='ocrx_word' id='word_1_17' title='bbox 797 584 830 650; x_wconf 91' lang='lat' dir='ltr'>in</span> <span class='ocrx_word' id='word_1_18' title='bbox 844 585 1001 676; x_wconf 83' lang='lat' dir='ltr'>proxima</span> <span class='ocrx_word' id='word_1_19' title='bbox 1016 584 1131 653; x_wconf 87' lang='lat' dir='ltr'>fabula</span> <span class='ocrx_word' id='word_1_20' title='bbox 1148 609 1168 654; x_wconf 99' lang='lat' dir='ltr'>e</span> <span class='ocrx_word' id='word_1_21' title='bbox 1182 587 1326 679; x_wconf 80' lang='lat' dir='ltr'>Scythia</span> 
     </span>
     <span class='ocr_line' id='line_1_4' title="bbox 218 686 1325 780; baseline 0.001 -21"><span class='ocrx_word' id='word_1_22' title='bbox 218 691 252 759; x_wconf 89' lang='lat' dir='ltr'>in</span> <span class='ocrx_word' id='word_1_23' title='bbox 270 690 459 760; x_wconf 82' lang='lat' dir='ltr'>Caucasum</span> <span class='ocrx_word' id='word_1_24' title='bbox 473 709 546 756; x_wconf 89' lang='lat' dir='ltr'>esse</span> <span class='ocrx_word' id='word_1_25' title='bbox 561 686 773 754; x_wconf 72' lang='lat' dir='ltr'>translatam:</span> <span class='ocrx_word' id='word_1_26' title='bbox 800 697 1020 780; x_wconf 90' lang='lat' dir='ltr'>quapropter,</span> <span class='ocrx_word' id='word_1_27' title='bbox 1038 711 1144 778; x_wconf 91' lang='lat' dir='ltr'>quum</span> <span class='ocrx_word' id='word_1_28' title='bbox 1157 690 1191 758; x_wconf 92' lang='lat' dir='ltr'>in</span> <span class='ocrx_word' id='word_1_29' title='bbox 1204 691 1325 761; x_wconf 88' lang='lat' dir='ltr'>Soluto</span> 
     </span>
     <span class='ocr_line' id='line_1_5' title="bbox 218 784 1325 884; baseline 0 -21"><span class='ocrx_word' id='word_1_30' title='bbox 218 792 424 863; x_wconf 88' lang='lat' dir='ltr'>Prometheo</span> <span class='ocrx_word' id='word_1_31' title='bbox 442 789 587 859; x_wconf 87' lang='lat' dir='ltr'>dubitari</span> <span class='ocrx_word' id='word_1_32' title='bbox 604 789 648 857; x_wconf 94' lang='lat' dir='ltr'>de</span> <span class='ocrx_word' id='word_1_33' title='bbox 667 784 822 857; x_wconf 85' lang='lat' dir='ltr'>Caucaso</span> <span class='ocrx_word' id='word_1_34' title='bbox 837 812 906 858; x_wconf 91' lang='lat' dir='ltr'>non</span> <span class='ocrx_word' id='word_1_35' title='bbox 919 801 1050 883; x_wconf 88' lang='lat' dir='ltr'>posset,</span> <span class='ocrx_word' id='word_1_36' title='bbox 1075 814 1252 884; x_wconf 85' lang='lat' dir='ltr'>perversas</span> <span class='ocrx_word' id='word_1_37' title='bbox 1266 797 1325 862; x_wconf 92' lang='lat' dir='ltr'>in-</span> 
     </span>
     <span class='ocr_line' id='line_1_6' title="bbox 218 882 1324 988; baseline 0.002 -24"><span class='ocrx_word' id='word_1_38' title='bbox 218 896 474 988; x_wconf 89' lang='lat' dir='ltr'>terpretationes</span> <span class='ocrx_word' id='word_1_39' title='bbox 503 894 539 960; x_wconf 92' lang='lat' dir='ltr'>in</span> <span class='ocrx_word' id='word_1_40' title='bbox 567 893 689 960; x_wconf 85' lang='lat' dir='ltr'>Vincto</span> <span class='ocrx_word' id='word_1_41' title='bbox 712 882 917 960; x_wconf 86' lang='lat' dir='ltr'>invenerunt</span> <span class='ocrx_word' id='word_1_42' title='bbox 971 894 1047 962; x_wconf 84' lang='lat' dir='ltr'>Stat</span> <span class='ocrx_word' id='word_1_43' title='bbox 1066 918 1149 964; x_wconf 85' lang='lat' dir='ltr'>vero</span> <span class='ocrx_word' id='word_1_44' title='bbox 1178 920 1242 964; x_wconf 91' lang='lat' dir='ltr'>nec</span> <span class='ocrx_word' id='word_1_45' title='bbox 1265 920 1324 966; x_wconf 92' lang='lat' dir='ltr'>re·</span> 
     </span>
     <span class='ocr_line' id='line_1_7' title="bbox 219 994 1326 1105; baseline 0.004 -38"><span class='ocrx_word' id='word_1_46' title='bbox 219 999 346 1067; x_wconf 85' lang='lat' dir='ltr'>moveri</span> <span class='ocrx_word' id='word_1_47' title='bbox 365 1005 481 1088; x_wconf 89' lang='lat' dir='ltr'>potest</span> <span class='ocrx_word' id='word_1_48' title='bbox 496 996 555 1063; x_wconf 87' lang='lat' dir='ltr'>illa</span> <span class='ocrx_word' id='word_1_49' title='bbox 571 994 804 1085; x_wconf 81' lang='lat' dir='ltr'>discrepantia.</span> <span class='ocrx_word' id='word_1_50' title='bbox 858 996 963 1080; x_wconf 80' lang='lat' dir='ltr'>Quod</span> <span class='ocrx_word' id='word_1_51' title='bbox 979 997 1006 1064; x_wconf 88' lang='lat' dir='ltr'>si</span> <span class='ocrx_word' id='word_1_52' title='bbox 1028 998 1225 1068; x_wconf 91' lang='lat' dir='ltr'>coniunctae</span> <span class='ocrx_word' id='word_1_53' title='bbox 1241 999 1326 1105; x_wconf 45' lang='lat' dir='ltr'>‚lue-</span> 
     </span>
     <span class='ocr_line' id='line_1_8' title="bbox 218 1097 1326 1194; baseline 0.002 -24"><span class='ocrx_word' id='word_1_54' title='bbox 218 1112 294 1170; x_wconf 88' lang='lat' dir='ltr'>runt</span> <span class='ocrx_word' id='word_1_55' title='bbox 309 1102 376 1168; x_wconf 89' lang='lat' dir='ltr'>hae</span> <span class='ocrx_word' id='word_1_56' title='bbox 391 1098 600 1191; x_wconf 82' lang='lat' dir='ltr'>tragoediae,</span> <span class='ocrx_word' id='word_1_57' title='bbox 625 1097 706 1166; x_wconf 89' lang='lat' dir='ltr'>nihil</span> <span class='ocrx_word' id='word_1_58' title='bbox 721 1099 930 1187; x_wconf 85' lang='lat' dir='ltr'>relinquitur,</span> <span class='ocrx_word' id='word_1_59' title='bbox 956 1099 1016 1167; x_wconf 89' lang='lat' dir='ltr'>nisi</span> <span class='ocrx_word' id='word_1_60' title='bbox 1030 1109 1068 1166; x_wconf 92' lang='lat' dir='ltr'>ut</span> <span class='ocrx_word' id='word_1_61' title='bbox 1081 1123 1215 1194; x_wconf 88' lang='lat' dir='ltr'>rupem,</span> <span class='ocrx_word' id='word_1_62' title='bbox 1236 1125 1326 1192; x_wconf 91' lang='lat' dir='ltr'>quae</span> 
     </span>
     <span class='ocr_line' id='line_1_9' title="bbox 219 1201 1325 1284; baseline 0.003 -12"><span class='ocrx_word' id='word_1_63' title='bbox 219 1205 351 1272; x_wconf 87' lang='lat' dir='ltr'>deiecta</span> <span class='ocrx_word' id='word_1_64' title='bbox 372 1205 406 1272; x_wconf 92' lang='lat' dir='ltr'>iu</span> <span class='ocrx_word' id='word_1_65' title='bbox 431 1211 593 1271; x_wconf 89' lang='lat' dir='ltr'>tartarum</span> <span class='ocrx_word' id='word_1_66' title='bbox 619 1201 748 1284; x_wconf 82' lang='lat' dir='ltr'>fuerat,</span> <span class='ocrx_word' id='word_1_67' title='bbox 775 1201 841 1271; x_wconf 93' lang='lat' dir='ltr'>alio</span> <span class='ocrx_word' id='word_1_68' title='bbox 864 1201 941 1268; x_wconf 92' lang='lat' dir='ltr'>loco</span> <span class='ocrx_word' id='word_1_69' title='bbox 964 1203 1139 1271; x_wconf 79' lang='lat' dir='ltr'>emersisse</span> <span class='ocrx_word' id='word_1_70' title='bbox 1164 1204 1325 1274; x_wconf 88' lang='lat' dir='ltr'>dicamus.</span> 
     </span>
     <span class='ocr_line' id='line_1_10' title="bbox 218 1302 1327 1376; baseline 0 0"><span class='ocrx_word' id='word_1_71' title='bbox 218 1307 282 1376; x_wconf 86' lang='lat' dir='ltr'>Est</span> <span class='ocrx_word' id='word_1_72' title='bbox 300 1307 337 1376; x_wconf 92' lang='lat' dir='ltr'>id</span> <span class='ocrx_word' id='word_1_73' title='bbox 354 1327 435 1375; x_wconf 89' lang='lat' dir='ltr'>sane</span> <span class='ocrx_word' id='word_1_74' title='bbox 452 1305 590 1373; x_wconf 89' lang='lat' dir='ltr'>mirum:</span> <span class='ocrx_word' id='word_1_75' title='bbox 618 1302 679 1374; x_wconf 89' lang='lat' dir='ltr'>sed</span> <span class='ocrx_word' id='word_1_76' title='bbox 698 1304 726 1371; x_wconf 91' lang='lat' dir='ltr'>si</span> <span class='ocrx_word' id='word_1_77' title='bbox 740 1303 937 1372; x_wconf 91' lang='lat' dir='ltr'>mutandum</span> <span class='ocrx_word' id='word_1_78' title='bbox 951 1327 1023 1372; x_wconf 91' lang='lat' dir='ltr'>esse</span> <span class='ocrx_word' id='word_1_79' title='bbox 1038 1305 1151 1375; x_wconf 91' lang='lat' dir='ltr'>locum</span> <span class='ocrx_word' id='word_1_80' title='bbox 1168 1307 1327 1376; x_wconf 89' lang='lat' dir='ltr'>iudicavit</span> 
     </span>
     <span class='ocr_line' id='line_1_11' title="bbox 171 1401 1326 1502; baseline 0.001 -24"><span class='ocrx_word' id='word_1_81' title='bbox 171 1420 338 1502; x_wconf 80' lang='lat' dir='ltr'>13poetn‚</span> <span class='ocrx_word' id='word_1_82' title='bbox 364 1430 431 1476; x_wconf 91' lang='lat' dir='ltr'>uon</span> <span class='ocrx_word' id='word_1_83' title='bbox 454 1408 524 1474; x_wconf 90' lang='lat' dir='ltr'>sine</span> <span class='ocrx_word' id='word_1_84' title='bbox 549 1401 666 1474; x_wconf 79' lang='lat' dir='ltr'>caussa</span> <span class='ocrx_word' id='word_1_85' title='bbox 686 1406 784 1476; x_wconf 84' lang='lat' dir='ltr'>fecit:</span> <span class='ocrx_word' id='word_1_86' title='bbox 811 1429 888 1472; x_wconf 91' lang='lat' dir='ltr'>nam</span> <span class='ocrx_word' id='word_1_87' title='bbox 912 1406 948 1473; x_wconf 89' lang='lat' dir='ltr'>in</span> <span class='ocrx_word' id='word_1_88' title='bbox 973 1405 1127 1477; x_wconf 88' lang='lat' dir='ltr'>Caucaso</span> <span class='ocrx_word' id='word_1_89' title='bbox 1146 1410 1326 1479; x_wconf 87' lang='lat' dir='ltr'>liberatum</span> 
     </span>
     <span class='ocr_line' id='line_1_12' title="bbox 221 1507 1327 1589; baseline 0.003 -10"><span class='ocrx_word' id='word_1_90' title='bbox 221 1534 294 1579; x_wconf 88' lang='lat' dir='ltr'>esse</span> <span class='ocrx_word' id='word_1_91' title='bbox 318 1508 562 1579; x_wconf 90' lang='lat' dir='ltr'>Prometheum</span> <span class='ocrx_word' id='word_1_92' title='bbox 588 1507 679 1589; x_wconf 82' lang='lat' dir='ltr'>lama</span> <span class='ocrx_word' id='word_1_93' title='bbox 706 1507 855 1576; x_wconf 86' lang='lat' dir='ltr'>ferebat:</span> <span class='ocrx_word' id='word_1_94' title='bbox 890 1519 924 1577; x_wconf 92' lang='lat' dir='ltr'>et</span> <span class='ocrx_word' id='word_1_95' title='bbox 951 1509 1032 1579; x_wconf 81' lang='lat' dir='ltr'>dixit</span> <span class='ocrx_word' id='word_1_96' title='bbox 1056 1510 1198 1581; x_wconf 82' lang='lat' dir='ltr'>fortasse</span> <span class='ocrx_word' id='word_1_97' title='bbox 1225 1516 1327 1582; x_wconf 90' lang='lat' dir='ltr'>etiam</span> 
     </span>
     <span class='ocr_line' id='line_1_13' title="bbox 220 1609 1327 1707; baseline 0.005 -28"><span class='ocrx_word' id='word_1_98' title='bbox 220 1611 346 1700; x_wconf 83' lang='lat' dir='ltr'>aliquid</span> <span class='ocrx_word' id='word_1_99' title='bbox 363 1611 407 1678; x_wconf 90' lang='lat' dir='ltr'>de</span> <span class='ocrx_word' id='word_1_100' title='bbox 433 1633 474 1678; x_wconf 93' lang='lat' dir='ltr'>ea</span> <span class='ocrx_word' id='word_1_101' title='bbox 486 1633 535 1682; x_wconf 89' lang='lat' dir='ltr'>re.</span> <span class='ocrx_word' id='word_1_102' title='bbox 563 1609 732 1700; x_wconf 81' lang='lat' dir='ltr'>Expedita</span> <span class='ocrx_word' id='word_1_103' title='bbox 746 1632 828 1678; x_wconf 83' lang='lat' dir='ltr'>vero</span> <span class='ocrx_word' id='word_1_104' title='bbox 845 1620 920 1678; x_wconf 88' lang='lat' dir='ltr'>sunt</span> <span class='ocrx_word' id='word_1_105' title='bbox 937 1614 1059 1697; x_wconf 90' lang='lat' dir='ltr'>omnia,</span> <span class='ocrx_word' id='word_1_106' title='bbox 1085 1615 1112 1681; x_wconf 91' lang='lat' dir='ltr'>si</span> <span class='ocrx_word' id='word_1_107' title='bbox 1126 1617 1327 1707; x_wconf 84' lang='lat' dir='ltr'>tragoediae</span> 
     </span>
     <span class='ocr_line' id='line_1_14' title="bbox 218 1713 1326 1803; baseline 0.005 -21"><span class='ocrx_word' id='word_1_108' title='bbox 218 1714 296 1782; x_wconf 90' lang='lat' dir='ltr'>illae</span> <span class='ocrx_word' id='word_1_109' title='bbox 322 1713 458 1781; x_wconf 85' lang='lat' dir='ltr'>diversis</span> <span class='ocrx_word' id='word_1_110' title='bbox 482 1721 561 1780; x_wconf 89' lang='lat' dir='ltr'>sunt</span> <span class='ocrx_word' id='word_1_111' title='bbox 586 1713 794 1802; x_wconf 86' lang='lat' dir='ltr'>temporibus</span> <span class='ocrx_word' id='word_1_112' title='bbox 815 1713 969 1803; x_wconf 85' lang='lat' dir='ltr'>scriptae.</span> <span class='ocrx_word' id='word_1_113' title='bbox 1022 1716 1200 1785; x_wconf 87' lang='lat' dir='ltr'>Disiunctis</span> <span class='ocrx_word' id='word_1_114' title='bbox 1224 1721 1326 1803; x_wconf 89' lang='lat' dir='ltr'>enim,</span> 
     </span>
     <span class='ocr_line' id='line_1_15' title="bbox 219 1813 1326 1908; baseline 0.005 -23"><span class='ocrx_word' id='word_1_115' title='bbox 219 1839 330 1905; x_wconf 91' lang='lat' dir='ltr'>neque</span> <span class='ocrx_word' id='word_1_116' title='bbox 345 1815 501 1883; x_wconf 86' lang='lat' dir='ltr'>obstabat</span> <span class='ocrx_word' id='word_1_117' title='bbox 519 1813 715 1903; x_wconf 91' lang='lat' dir='ltr'>quidquam,</span> <span class='ocrx_word' id='word_1_118' title='bbox 741 1815 934 1905; x_wconf 87' lang='lat' dir='ltr'>quominus</span> <span class='ocrx_word' id='word_1_119' title='bbox 949 1827 1054 1908; x_wconf 92' lang='lat' dir='ltr'>poeta</span> <span class='ocrx_word' id='word_1_120' title='bbox 1069 1818 1103 1885; x_wconf 90' lang='lat' dir='ltr'>in</span> <span class='ocrx_word' id='word_1_121' title='bbox 1119 1822 1326 1891; x_wconf 89' lang='lat' dir='ltr'>Prometheo</span> 
     </span>
     <span class='ocr_line' id='line_1_16' title="bbox 127 1916 1327 2006; baseline 0.005 -19"><span class='ocrx_word' id='word_1_122' title='bbox 127 1917 129 1922; x_wconf 63' lang='grc'>’</span> <span class='ocrx_word' id='word_1_123' title='bbox 219 1920 339 1988; x_wconf 89' lang='lat' dir='ltr'>Soluto</span> <span class='ocrx_word' id='word_1_124' title='bbox 354 1927 550 2006; x_wconf 90' lang='lat' dir='ltr'>sequeretur</span> <span class='ocrx_word' id='word_1_125' title='bbox 565 1916 660 2006; x_wconf 91' lang='lat' dir='ltr'>quod</span> <span class='ocrx_word' id='word_1_126' title='bbox 679 1917 802 1985; x_wconf 90' lang='lat' dir='ltr'>caeteri</span> <span class='ocrx_word' id='word_1_127' title='bbox 818 1917 1048 2003; x_wconf 83' lang='lat' dir='ltr'>tradidisseut3</span> <span class='ocrx_word' id='word_1_128' title='bbox 1074 1921 1109 1988; x_wconf 92' lang='lat' dir='ltr'>in</span> <span class='ocrx_word' id='word_1_129' title='bbox 1125 1923 1246 1992; x_wconf 92' lang='lat' dir='ltr'>Vincto</span> <span class='ocrx_word' id='word_1_130' title='bbox 1261 1949 1327 1993; x_wconf 94' lang='lat' dir='ltr'>au-</span> 
     </span>
     <span class='ocr_line' id='line_1_17' title="bbox 79 2017 1326 2109; baseline 0.006 -20"><span class='ocrx_word' id='word_1_131' title='bbox 79 2055 85 2068; x_wconf 87' lang='lat'>·</span> <span class='ocrx_word' id='word_1_132' title='bbox 218 2033 288 2090; x_wconf 90' lang='lat' dir='ltr'>tem</span> <span class='ocrx_word' id='word_1_133' title='bbox 301 2021 478 2106; x_wconf 86' lang='lat' dir='ltr'>inveniret,</span> <span class='ocrx_word' id='word_1_134' title='bbox 506 2018 599 2109; x_wconf 92' lang='lat' dir='ltr'>quod</span> <span class='ocrx_word' id='word_1_135' title='bbox 618 2017 748 2088; x_wconf 87' lang='lat' dir='ltr'>Oceani</span> <span class='ocrx_word' id='word_1_136' title='bbox 767 2022 955 2090; x_wconf 88' lang='lat' dir='ltr'>numinibus</span> <span class='ocrx_word' id='word_1_137' title='bbox 973 2023 1176 2094; x_wconf 85' lang='lat' dir='ltr'>advocandis</span> <span class='ocrx_word' id='word_1_138' title='bbox 1190 2028 1326 2097; x_wconf 81' lang='lat' dir='ltr'>videre-</span> 
     </span>
     <span class='ocr_line' id='line_1_18' title="bbox 217 2120 1326 2218; baseline 0.006 -26"><span class='ocrx_word' id='word_1_139' title='bbox 217 2137 273 2192; x_wconf 88' lang='lat' dir='ltr'>tur</span> <span class='ocrx_word' id='word_1_140' title='bbox 288 2122 581 2192; x_wconf 90' lang='lat' dir='ltr'>accommodatius.</span> <span class='ocrx_word' id='word_1_141' title='bbox 610 2120 715 2206; x_wconf 81' lang='lat' dir='ltr'>Quod</span> <span class='ocrx_word' id='word_1_142' title='bbox 733 2124 760 2190; x_wconf 92' lang='lat' dir='ltr'>si</span> <span class='ocrx_word' id='word_1_143' title='bbox 775 2123 908 2215; x_wconf 87' lang='lat' dir='ltr'>longius</span> <span class='ocrx_word' id='word_1_144' title='bbox 923 2126 1088 2218; x_wconf 83' lang='lat' dir='ltr'>progredi</span> <span class='ocrx_word' id='word_1_145' title='bbox 1103 2130 1326 2199; x_wconf 85' lang='lat' dir='ltr'>coniectando</span> 
     </span>
     <span class='ocr_line' id='line_1_19' title="bbox 217 2225 1327 2326; baseline 0.008 -31"><span class='ocrx_word' id='word_1_146' title='bbox 217 2228 313 2314; x_wconf 88' lang='lat' dir='ltr'>licet,</span> <span class='ocrx_word' id='word_1_147' title='bbox 345 2236 503 2318; x_wconf 91' lang='lat' dir='ltr'>tempore</span> <span class='ocrx_word' id='word_1_148' title='bbox 530 2225 625 2315; x_wconf 91' lang='lat' dir='ltr'>prior</span> <span class='ocrx_word' id='word_1_149' title='bbox 646 2225 754 2293; x_wconf 87' lang='lat' dir='ltr'>factus</span> <span class='ocrx_word' id='word_1_150' title='bbox 783 2249 858 2293; x_wconf 90' lang='lat' dir='ltr'>esse</span> <span class='ocrx_word' id='word_1_151' title='bbox 887 2227 1024 2296; x_wconf 87' lang='lat' dir='ltr'>Solutus</span> <span class='ocrx_word' id='word_1_152' title='bbox 1055 2230 1163 2300; x_wconf 86' lang='lat' dir='ltr'>videri</span> <span class='ocrx_word' id='word_1_153' title='bbox 1190 2235 1327 2326; x_wconf 89' lang='lat' dir='ltr'>poterit.</span> 
     </span>
     <span class='ocr_line' id='line_1_20' title="bbox 212 2328 1326 2422; baseline 0.011 -29"><span class='ocrx_word' id='word_1_154' title='bbox 212 2330 336 2416; x_wconf 70' lang='lat' dir='ltr'>Quum</span> <span class='ocrx_word' id='word_1_155' title='bbox 349 2330 458 2415; x_wconf 89' lang='lat' dir='ltr'>enim,</span> <span class='ocrx_word' id='word_1_156' title='bbox 485 2329 543 2419; x_wconf 93' lang='lat' dir='ltr'>qui</span> <span class='ocrx_word' id='word_1_157' title='bbox 558 2328 670 2419; x_wconf 92' lang='lat' dir='ltr'>primo</span> <span class='ocrx_word' id='word_1_158' title='bbox 685 2328 823 2418; x_wconf 90' lang='lat' dir='ltr'>aliquod</span> <span class='ocrx_word' id='word_1_159' title='bbox 847 2340 1084 2422; x_wconf 84' lang='lat' dir='ltr'>argumentum</span> <span class='ocrx_word' id='word_1_160' title='bbox 1102 2342 1243 2413; x_wconf 81' lang='lat' dir='ltr'>tractat.</span> <span class='ocrx_word' id='word_1_161' title='bbox 1271 2338 1326 2404; x_wconf 86' lang='lat' dir='ltr'>fa-</span> 
     </span>
     <span class='ocr_line' id='line_1_21' title="bbox 219 2431 1326 2529; baseline 0.007 -28"><span class='ocrx_word' id='word_1_162' title='bbox 219 2433 312 2501; x_wconf 87' lang='lat' dir='ltr'>cilius</span> <span class='ocrx_word' id='word_1_163' title='bbox 331 2433 366 2500; x_wconf 92' lang='lat' dir='ltr'>iu</span> <span class='ocrx_word' id='word_1_164' title='bbox 391 2432 560 2499; x_wconf 86' lang='lat' dir='ltr'>cornmuni</span> <span class='ocrx_word' id='word_1_165' title='bbox 581 2431 673 2498; x_wconf 82' lang='lat' dir='ltr'>fama</span> <span class='ocrx_word' id='word_1_166' title='bbox 700 2431 908 2520; x_wconf 83' lang='lat' dir='ltr'>acquiescat,</span> <span class='ocrx_word' id='word_1_167' title='bbox 941 2456 1052 2522; x_wconf 91' lang='lat' dir='ltr'>neque</span> <span class='ocrx_word' id='word_1_168' title='bbox 1074 2437 1138 2505; x_wconf 86' lang='lat' dir='ltr'>erit</span> <span class='ocrx_word' id='word_1_169' title='bbox 1164 2440 1259 2529; x_wconf 91' lang='lat' dir='ltr'>quod</span> <span class='ocrx_word' id='word_1_170' title='bbox 1281 2440 1326 2510; x_wconf 91' lang='lat' dir='ltr'>de</span> 
     </span>
     <span class='ocr_line' id='line_1_22' title="bbox 218 2533 1324 2634; baseline 0.006 -29"><span class='ocrx_word' id='word_1_171' title='bbox 218 2535 360 2626; x_wconf 84' lang='lat' dir='ltr'>Scythia</span> <span class='ocrx_word' id='word_1_172' title='bbox 383 2556 461 2601; x_wconf 92' lang='lat' dir='ltr'>cum</span> <span class='ocrx_word' id='word_1_173' title='bbox 483 2533 637 2602; x_wconf 87' lang='lat' dir='ltr'>Caucaso</span> <span class='ocrx_word' id='word_1_174' title='bbox 661 2543 866 2602; x_wconf 89' lang='lat' dir='ltr'>commutata</span> <span class='ocrx_word' id='word_1_175' title='bbox 881 2557 1081 2625; x_wconf 89' lang='lat' dir='ltr'>queramur,</span> <span class='ocrx_word' id='word_1_176' title='bbox 1106 2563 1171 2609; x_wconf 89' lang='lat' dir='ltr'>nec</span> <span class='ocrx_word' id='word_1_177' title='bbox 1187 2552 1324 2634; x_wconf 87' lang='lat' dir='ltr'>pertur-</span> 
     </span>
     <span class='ocr_line' id='line_1_23' title="bbox 217 2637 1327 2736; baseline 0.008 -30"><span class='ocrx_word' id='word_1_178' title='bbox 217 2639 374 2707; x_wconf 78' lang='lat' dir='ltr'>babimus</span> <span class='ocrx_word' id='word_1_179' title='bbox 397 2637 460 2705; x_wconf 91' lang='lat' dir='ltr'>illis</span> <span class='ocrx_word' id='word_1_180' title='bbox 480 2637 618 2729; x_wconf 88' lang='lat' dir='ltr'>triginta</span> <span class='ocrx_word' id='word_1_181' title='bbox 638 2658 803 2705; x_wconf 88' lang='lat' dir='ltr'>annorum</span> <span class='ocrx_word' id='word_1_182' title='bbox 830 2638 992 2730; x_wconf 91' lang='lat' dir='ltr'>millibus,</span> <span class='ocrx_word' id='word_1_183' title='bbox 1025 2650 1063 2708; x_wconf 94' lang='lat' dir='ltr'>ut</span> <span class='ocrx_word' id='word_1_184' title='bbox 1083 2645 1200 2735; x_wconf 91' lang='lat' dir='ltr'>positis</span> <span class='ocrx_word' id='word_1_185' title='bbox 1220 2670 1327 2736; x_wconf 90' lang='lat' dir='ltr'>quum</span> 
     </span>
     <span class='ocr_line' id='line_1_24' title="bbox 217 2738 1327 2818; baseline 0.006 -6"><span class='ocrx_word' id='word_1_186' title='bbox 217 2742 368 2812; x_wconf 90' lang='lat' dir='ltr'>nondum</span> <span class='ocrx_word' id='word_1_187' title='bbox 388 2738 433 2809; x_wconf 93' lang='lat' dir='ltr'>de</span> <span class='ocrx_word' id='word_1_188' title='bbox 456 2740 573 2809; x_wconf 89' lang='lat' dir='ltr'>Inachi</span> <span class='ocrx_word' id='word_1_189' title='bbox 590 2740 659 2808; x_wconf 86' lang='lat' dir='ltr'>lilia</span> <span class='ocrx_word' id='word_1_190' title='bbox 683 2739 728 2808; x_wconf 93' lang='lat' dir='ltr'>ad</span> <span class='ocrx_word' id='word_1_191' title='bbox 749 2740 992 2810; x_wconf 87' lang='lat' dir='ltr'>Prometheum</span> <span class='ocrx_word' id='word_1_192' title='bbox 1014 2743 1215 2816; x_wconf 86' lang='lat' dir='ltr'>adducenda</span> <span class='ocrx_word' id='word_1_193' title='bbox 1238 2760 1327 2818; x_wconf 90' lang='lat' dir='ltr'>esset</span> 
     </span>
     <span class='ocr_line' id='line_1_25' title="bbox 218 2845 413 2938; baseline 0.026 -26"><span class='ocrx_word' id='word_1_194' title='bbox 218 2845 413 2938; x_wconf 83' lang='lat' dir='ltr'>cogitatum.</span> 
     </span>
     <span class='ocr_line' id='line_1_26' title="bbox 123 2942 1326 3039; baseline 0.007 -24"><span class='ocrx_word' id='word_1_195' title='bbox 123 2960 125 2966; x_wconf 86' lang='lat'>&#39;</span> <span class='ocrx_word' id='word_1_196' title='bbox 320 2945 478 3039; x_wconf 84' lang='lat' dir='ltr'>Opposui</span> <span class='ocrx_word' id='word_1_197' title='bbox 494 2943 604 3012; x_wconf 90' lang='lat' dir='ltr'>dubiis</span> <span class='ocrx_word' id='word_1_198' title='bbox 624 2942 737 3032; x_wconf 92' lang='lat' dir='ltr'>dubia,</span> <span class='ocrx_word' id='word_1_199' title='bbox 762 2944 896 3015; x_wconf 89' lang='lat' dir='ltr'>incertis</span> <span class='ocrx_word' id='word_1_200' title='bbox 911 2947 1048 3037; x_wconf 87' lang='lat' dir='ltr'>incerta,</span> <span class='ocrx_word' id='word_1_201' title='bbox 1074 2974 1142 3021; x_wconf 89' lang='lat' dir='ltr'>non</span> <span class='ocrx_word' id='word_1_202' title='bbox 1159 2952 1226 3021; x_wconf 93' lang='lat' dir='ltr'>alio</span> <span class='ocrx_word' id='word_1_203' title='bbox 1241 2976 1326 3023; x_wconf 92' lang='lat' dir='ltr'>con-</span> 
     </span>
     <span class='ocr_line' id='line_1_27' title="bbox 217 3046 1325 3150; baseline 0.009 -33"><span class='ocrx_word' id='word_1_204' title='bbox 217 3046 307 3134; x_wconf 89' lang='lat' dir='ltr'>silio,</span> <span class='ocrx_word' id='word_1_205' title='bbox 333 3071 436 3140; x_wconf 89' lang='lat' dir='ltr'>quam</span> <span class='ocrx_word' id='word_1_206' title='bbox 457 3070 501 3115; x_wconf 90' lang='lat' dir='ltr'>ne</span> <span class='ocrx_word' id='word_1_207' title='bbox 518 3056 646 3114; x_wconf 88' lang='lat' dir='ltr'>temere</span> <span class='ocrx_word' id='word_1_208' title='bbox 665 3069 731 3138; x_wconf 91' lang='lat' dir='ltr'>pro</span> <span class='ocrx_word' id='word_1_209' title='bbox 753 3049 840 3118; x_wconf 86' lang='lat' dir='ltr'>veris</span> <span class='ocrx_word' id='word_1_210' title='bbox 861 3050 1103 3141; x_wconf 86' lang='lat' dir='ltr'>venderentur,</span> <span class='ocrx_word' id='word_1_211' title='bbox 1130 3079 1219 3146; x_wconf 94' lang='lat' dir='ltr'>quae</span> <span class='ocrx_word' id='word_1_212' title='bbox 1239 3081 1325 3150; x_wconf 86' lang='lat' dir='ltr'>pos-</span> 
     </span>
     <span class='ocr_line' id='line_1_28' title="bbox 218 3150 1326 3252; baseline 0.009 -33"><span class='ocrx_word' id='word_1_213' title='bbox 218 3161 293 3220; x_wconf 87' lang='lat' dir='ltr'>sent</span> <span class='ocrx_word' id='word_1_214' title='bbox 310 3153 410 3221; x_wconf 92' lang='lat' dir='ltr'>etiam</span> <span class='ocrx_word' id='word_1_215' title='bbox 423 3173 491 3219; x_wconf 91' lang='lat' dir='ltr'>non</span> <span class='ocrx_word' id='word_1_216' title='bbox 503 3172 584 3218; x_wconf 86' lang='lat' dir='ltr'>vera</span> <span class='ocrx_word' id='word_1_217' title='bbox 599 3171 681 3218; x_wconf 89' lang='lat' dir='ltr'>esse.</span> <span class='ocrx_word' id='word_1_218' title='bbox 733 3150 871 3220; x_wconf 85' lang='lat' dir='ltr'>Addam</span> <span class='ocrx_word' id='word_1_219' title='bbox 883 3153 936 3222; x_wconf 91' lang='lat' dir='ltr'>his</span> <span class='ocrx_word' id='word_1_220' title='bbox 953 3177 1074 3246; x_wconf 87' lang='lat' dir='ltr'>unum,</span> <span class='ocrx_word' id='word_1_221' title='bbox 1099 3160 1209 3252; x_wconf 88' lang='lat' dir='ltr'>magis</span> <span class='ocrx_word' id='word_1_222' title='bbox 1223 3162 1326 3229; x_wconf 90' lang='lat' dir='ltr'>etiam</span> 
     </span>
     <span class='ocr_line' id='line_1_29' title="bbox 218 3251 1326 3356; baseline 0.008 -34"><span class='ocrx_word' id='word_1_223' title='bbox 218 3253 376 3343; x_wconf 88' lang='lat' dir='ltr'>dubium,</span> <span class='ocrx_word' id='word_1_224' title='bbox 404 3251 466 3323; x_wconf 90' lang='lat' dir='ltr'>sed</span> <span class='ocrx_word' id='word_1_225' title='bbox 481 3261 712 3344; x_wconf 91' lang='lat' dir='ltr'>opportunum</span> <span class='ocrx_word' id='word_1_226' title='bbox 733 3254 875 3325; x_wconf 84' lang='lat' dir='ltr'>fortasse</span> <span class='ocrx_word' id='word_1_227' title='bbox 895 3257 1048 3350; x_wconf 92' lang='lat' dir='ltr'>trilogias</span> <span class='ocrx_word' id='word_1_228' title='bbox 1062 3282 1176 3330; x_wconf 88' lang='lat' dir='ltr'>rerum</span> <span class='ocrx_word' id='word_1_229' title='bbox 1194 3286 1326 3356; x_wconf 92' lang='lat' dir='ltr'>perpe-</span> 
     </span>
     <span class='ocr_line' id='line_1_30' title="bbox 218 3355 1327 3451; baseline 0.009 -27"><span class='ocrx_word' id='word_1_230' title='bbox 218 3359 333 3427; x_wconf 87' lang='lat' dir='ltr'>tuitate</span> <span class='ocrx_word' id='word_1_231' title='bbox 355 3355 574 3424; x_wconf 89' lang='lat' dir='ltr'>cohaerentes</span> <span class='ocrx_word' id='word_1_232' title='bbox 599 3357 802 3445; x_wconf 89' lang='lat' dir='ltr'>amantibus,</span> <span class='ocrx_word' id='word_1_233' title='bbox 829 3359 856 3427; x_wconf 89' lang='lat' dir='ltr'>si</span> <span class='ocrx_word' id='word_1_234' title='bbox 874 3358 1001 3451; x_wconf 86' lang='lat' dir='ltr'>lguifer</span> <span class='ocrx_word' id='word_1_235' title='bbox 1017 3364 1240 3434; x_wconf 90' lang='lat' dir='ltr'>Prometheus</span> <span class='ocrx_word' id='word_1_236' title='bbox 1257 3390 1327 3435; x_wconf 90' lang='lat' dir='ltr'>non</span> 
     </span>
     <span class='ocr_line' id='line_1_31' title="bbox 217 3456 1326 3559; baseline 0.008 -31"><span class='ocrx_word' id='word_1_237' title='bbox 217 3459 318 3530; x_wconf 86' lang='lat' dir='ltr'>fuerit</span> <span class='ocrx_word' id='word_1_238' title='bbox 336 3456 524 3552; x_wconf 85' lang='lat' dir='ltr'>tragoedia.</span> <span class='ocrx_word' id='word_1_239' title='bbox 558 3459 648 3528; x_wconf 89' lang='lat' dir='ltr'>Nam</span> <span class='ocrx_word' id='word_1_240' title='bbox 665 3461 727 3529; x_wconf 89' lang='lat' dir='ltr'>etsi</span> <span class='ocrx_word' id='word_1_241' title='bbox 743 3483 855 3551; x_wconf 90' lang='lat' dir='ltr'>neque</span> <span class='ocrx_word' id='word_1_242' title='bbox 867 3461 902 3529; x_wconf 90' lang='lat' dir='ltr'>in</span> <span class='ocrx_word' id='word_1_243' title='bbox 917 3462 1030 3534; x_wconf 88' lang='lat' dir='ltr'>indice</span> <span class='ocrx_word' id='word_1_244' title='bbox 1045 3466 1205 3559; x_wconf 82' lang='lat' dir='ltr'>Aeschyli</span> <span class='ocrx_word' id='word_1_245' title='bbox 1221 3469 1326 3537; x_wconf 91' lang='lat' dir='ltr'>fabu-</span> 
     </span>
     <span class='ocr_line' id='line_1_32' title="bbox 218 3560 1378 3661; baseline 0.007 -29"><span class='ocrx_word' id='word_1_246' title='bbox 218 3562 327 3632; x_wconf 86' lang='lat' dir='ltr'>larum</span> <span class='ocrx_word' id='word_1_247' title='bbox 345 3561 384 3631; x_wconf 92' lang='lat' dir='ltr'>lo</span> <span class='ocrx_word' id='word_1_248' title='bbox 400 3560 570 3653; x_wconf 90' lang='lat' dir='ltr'>adscripta</span> <span class='ocrx_word' id='word_1_249' title='bbox 584 3570 653 3649; x_wconf 91' lang='lat' dir='ltr'>est,</span> <span class='ocrx_word' id='word_1_250' title='bbox 680 3587 790 3652; x_wconf 92' lang='lat' dir='ltr'>neque</span> <span class='ocrx_word' id='word_1_251' title='bbox 809 3565 853 3632; x_wconf 91' lang='lat' dir='ltr'>ab</span> <span class='ocrx_word' id='word_1_252' title='bbox 872 3564 943 3633; x_wconf 90' lang='lat' dir='ltr'>aliis</span> <span class='ocrx_word' id='word_1_253' title='bbox 957 3570 1172 3661; x_wconf 86' lang='lat' dir='ltr'>scriptoribus</span> <span class='ocrx_word' id='word_1_254' title='bbox 1191 3595 1334 3641; x_wconf 91' lang='lat' dir='ltr'>memo·-</span> <span class='ocrx_word' id='word_1_255' title='bbox 1375 3599 1378 3605; x_wconf 95' lang='lat'>·</span> 
     </span>
     <span class='ocr_line' id='line_1_33' title="bbox 218 3665 1325 3763; baseline 0.008 -29"><span class='ocrx_word' id='word_1_256' title='bbox 218 3675 309 3749; x_wconf 89' lang='lat' dir='ltr'>rata,</span> <span class='ocrx_word' id='word_1_257' title='bbox 334 3675 467 3747; x_wconf 85' lang='lat' dir='ltr'>tamen,</span> <span class='ocrx_word' id='word_1_258' title='bbox 492 3665 551 3754; x_wconf 90' lang='lat' dir='ltr'>qui</span> <span class='ocrx_word' id='word_1_259' title='bbox 573 3665 653 3732; x_wconf 88' lang='lat' dir='ltr'>alias</span> <span class='ocrx_word' id='word_1_260' title='bbox 671 3665 834 3755; x_wconf 82' lang='lat' dir='ltr'>Aeschyli</span> <span class='ocrx_word' id='word_1_261' title='bbox 854 3670 1048 3760; x_wconf 88' lang='lat' dir='ltr'>tragoedias</span> <span class='ocrx_word' id='word_1_262' title='bbox 1071 3673 1209 3743; x_wconf 89' lang='lat' dir='ltr'>Latinas</span> <span class='ocrx_word' id='word_1_263' title='bbox 1232 3675 1325 3763; x_wconf 88' lang='lat' dir='ltr'>fecit,</span> 
     </span>
     <span class='ocr_line' id='line_1_34' title="bbox 218 3766 1395 3866; baseline 0.007 -28"><span class='ocrx_word' id='word_1_264' title='bbox 218 3769 345 3856; x_wconf 89' lang='lat' dir='ltr'>Attius,</span> <span class='ocrx_word' id='word_1_265' title='bbox 370 3768 488 3836; x_wconf 85' lang='lat' dir='ltr'>lone&#39;m</span> <span class='ocrx_word' id='word_1_266' title='bbox 506 3766 655 3859; x_wconf 88' lang='lat' dir='ltr'>scripsit,</span> <span class='ocrx_word' id='word_1_267' title='bbox 681 3776 719 3834; x_wconf 93' lang='lat' dir='ltr'>ut</span> <span class='ocrx_word' id='word_1_268' title='bbox 733 3769 852 3837; x_wconf 91' lang='lat' dir='ltr'>saltem</span> <span class='ocrx_word' id='word_1_269' title='bbox 869 3793 938 3838; x_wconf 90' lang='lat' dir='ltr'>non</span> <span class='ocrx_word' id='word_1_270' title='bbox 961 3774 1144 3844; x_wconf 90' lang='lat' dir='ltr'>absurdum</span> <span class='ocrx_word' id='word_1_271' title='bbox 1159 3779 1324 3866; x_wconf 82' lang='lat' dir='ltr'>rideatur,</span> <span class='ocrx_word' id='word_1_272' title='bbox 1392 3816 1395 3821; x_wconf 59' lang='grc'><em>«</em></span> 
     </span>
     <span class='ocr_line' id='line_1_35' title="bbox 221 3871 935 3964; baseline 0.001 -24"><span class='ocrx_word' id='word_1_273' title='bbox 221 3896 295 3940; x_wconf 91' lang='lat' dir='ltr'>earn</span> <span class='ocrx_word' id='word_1_274' title='bbox 310 3896 351 3940; x_wconf 83' lang='lat' dir='ltr'>ex</span> <span class='ocrx_word' id='word_1_275' title='bbox 367 3871 489 3939; x_wconf 90' lang='lat' dir='ltr'>eodem</span> <span class='ocrx_word' id='word_1_276' title='bbox 501 3871 595 3938; x_wconf 87' lang='lat' dir='ltr'>fonte</span> <span class='ocrx_word' id='word_1_277' title='bbox 610 3871 748 3960; x_wconf 86' lang='lat' dir='ltr'>petitam</span> <span class='ocrx_word' id='word_1_278' title='bbox 766 3872 935 3964; x_wconf 88' lang='lat' dir='ltr'>suspicari.</span> 
     </span>
     <span class='ocr_line' id='line_1_36' title="bbox 134 3966 1323 4070; baseline 0.012 -33"><span class='ocrx_word' id='word_1_279' title='bbox 134 3966 138 3972; x_wconf 52' lang='lat'><strong><em>⁴</em></strong></span> <span class='ocrx_word' id='word_1_280' title='bbox 322 3975 429 4068; x_wconf 89' lang='lat' dir='ltr'>Igitur</span> <span class='ocrx_word' id='word_1_281' title='bbox 449 3973 493 4040; x_wconf 91' lang='lat' dir='ltr'>de</span> <span class='ocrx_word' id='word_1_282' title='bbox 512 3972 717 4040; x_wconf 91' lang='lat' dir='ltr'>Prometheo</span> <span class='ocrx_word' id='word_1_283' title='bbox 738 3974 859 4043; x_wconf 88' lang='lat' dir='ltr'>Soluto</span> <span class='ocrx_word' id='word_1_284' title='bbox 881 3975 964 4044; x_wconf 90' lang='lat' dir='ltr'>nihil</span> <span class='ocrx_word' id='word_1_285' title='bbox 979 3989 1191 4070; x_wconf 88' lang='lat' dir='ltr'>compertum</span> <span class='ocrx_word' id='word_1_286' title='bbox 1213 3982 1323 4050; x_wconf 91' lang='lat' dir='ltr'>habe·</span> 
     </span>
     <span class='ocr_line' id='line_1_37' title="bbox 219 4075 1324 4178; baseline 0.007 -32"><span class='ocrx_word' id='word_1_287' title='bbox 219 4101 311 4166; x_wconf 89' lang='lat' dir='ltr'>mus,</span> <span class='ocrx_word' id='word_1_288' title='bbox 337 4098 439 4166; x_wconf 84' lang='lat' dir='ltr'>quam</span> <span class='ocrx_word' id='word_1_289' title='bbox 460 4075 494 4142; x_wconf 89' lang='lat' dir='ltr'>iu</span> <span class='ocrx_word' id='word_1_290' title='bbox 514 4075 680 4166; x_wconf 90' lang='lat' dir='ltr'>principio</span> <span class='ocrx_word' id='word_1_291' title='bbox 698 4076 834 4147; x_wconf 84' lang='lat' dir='ltr'>fabulae</span> <span class='ocrx_word' id='word_1_292' title='bbox 851 4079 990 4148; x_wconf 89' lang='lat' dir='ltr'>Titanes</span> <span class='ocrx_word' id='word_1_293' title='bbox 1003 4095 1186 4175; x_wconf 81' lang='lat' dir='ltr'>peragrata</span> <span class='ocrx_word' id='word_1_294' title='bbox 1200 4109 1324 4178; x_wconf 88' lang='lat' dir='ltr'>magna</span> 
     </span>
     <span class='ocr_line' id='line_1_38' title="bbox 94 4178 1323 4274; baseline 0.011 -30"><span class='ocrx_word' id='word_1_295' title='bbox 94 4236 98 4244; x_wconf 87' lang='grc'><em>,</em></span> <span class='ocrx_word' id='word_1_296' title='bbox 217 4191 318 4274; x_wconf 92' lang='lat' dir='ltr'>parte</span> <span class='ocrx_word' id='word_1_297' title='bbox 334 4179 425 4248; x_wconf 92' lang='lat' dir='ltr'>orbis</span> <span class='ocrx_word' id='word_1_298' title='bbox 447 4185 610 4245; x_wconf 86' lang='lat' dir='ltr'>terrarum</span> <span class='ocrx_word' id='word_1_299' title='bbox 629 4178 673 4245; x_wconf 86' lang='lat' dir='ltr'>ad</span> <span class='ocrx_word' id='word_1_300' title='bbox 694 4178 883 4249; x_wconf 80' lang='lat' dir='ltr'>Caucasum</span> <span class='ocrx_word' id='word_1_301' title='bbox 907 4182 1045 4270; x_wconf 90' lang='lat' dir='ltr'>adesse,</span> <span class='ocrx_word' id='word_1_302' title='bbox 1073 4189 1257 4256; x_wconf 88' lang='lat' dir='ltr'>cruciatum</span> <span class='ocrx_word' id='word_1_303' title='bbox 1271 4191 1323 4256; x_wconf 85' lang='lat' dir='ltr'>vi-</span> 
     </span>
     <span class='ocr_line' id='line_1_39' title="bbox 219 4281 1322 4384; baseline 0.006 -29"><span class='ocrx_word' id='word_1_304' title='bbox 219 4307 315 4355; x_wconf 89' lang='lat' dir='ltr'>suros</span> <span class='ocrx_word' id='word_1_305' title='bbox 328 4281 430 4352; x_wconf 83' lang='lat' dir='ltr'>vincti</span> <span class='ocrx_word' id='word_1_306' title='bbox 443 4290 545 4370; x_wconf 92' lang='lat' dir='ltr'>atque</span> <span class='ocrx_word' id='word_1_307' title='bbox 561 4281 692 4370; x_wconf 90' lang='lat' dir='ltr'>aquilae</span> <span class='ocrx_word' id='word_1_308' title='bbox 705 4285 870 4353; x_wconf 89' lang='lat' dir='ltr'>morsibus</span> <span class='ocrx_word' id='word_1_309' title='bbox 882 4286 995 4354; x_wconf 88' lang='lat' dir='ltr'>laniati</span> <span class='ocrx_word' id='word_1_310' title='bbox 1009 4288 1139 4374; x_wconf 83' lang='lat' dir='ltr'>fratris3</span> <span class='ocrx_word' id='word_1_311' title='bbox 1164 4301 1244 4384; x_wconf 89' lang='lat' dir='ltr'>post</span> <span class='ocrx_word' id='word_1_312' title='bbox 1260 4316 1322 4361; x_wconf 84' lang='lat' dir='ltr'>eo-</span> 
     </span>
    </p>
   </div>
   <div class='ocr_carea' id='block_1_3' title="bbox 0 0 1464 4890">
    <p class='ocr_par' dir='ltr' id='par_1_3' title="bbox 0 0 1464 4890">
     <span class='ocr_line' id='line_1_40' title="bbox 0 0 1464 4890; baseline 0 0"><span class='ocrx_word' id='word_1_313' title='bbox 0 0 1464 4890; x_wconf 95' lang='lat' dir='ltr'> </span> 
     </span>
    </p>
   </div>
  </div>
 </body>
</html>
