2918 4890
171 276 176 285 '
216 274 281 335 ool
348 268 399 328 uu
420 265 750 326 INSCllll'TlONlBVS
774 265 999 340 Qvlssvsolnl
1023 265 1196 327 GRAECIS.

218 460 360 531 certiora
386 479 486 547 qnam
516 455 641 522 lactum
668 465 756 524 esset
780 479 884 547 posse
910 455 1034 529 afferri.
1087 457 1169 550 lpsa
1195 480 1262 557 per
1293 481 1334 525 se

218 563 389 655 inscriptio
415 583 481 627 non
511 560 626 651 magni
653 560 753 651 pretii
776 569 842 646 est,
876 561 938 629 sed
967 570 1080 628 tamen
1113 584 1181 629 non
1208 570 1335 629 conte-

218 666 379 751 mnenda,
418 664 497 754 quia
521 662 627 730 babet
658 662 826 752 quaedam
854 665 956 736 utilia.
1009 666 1191 732 Praeterea
1217 664 1333 757 aptis-

219 773 302 840 sima
328 776 379 838 est
409 766 454 834 ad
476 765 746 852 monstrandum,
788 767 870 856 quid
897 767 1109 854 faciendum,
1148 767 1231 858 quid
1259 789 1334 835 non

219 873 412 943 faciendum
438 870 499 956 sit,
538 870 565 936 si
591 870 665 959 quis
690 870 923 962 inscriptiones
950 871 1159 939 considerate
1185 871 1270 938 velit
1298 872 1334 939 et

219 981 308 1047 insto
335 997 413 1043 cum
435 995 591 1042 successu
621 981 775 1041 tractore.
812 974 928 1058 Quare
954 975 1251 1066 operaepretium
1276 974 1333 1041 fa-

222 1091 334 1148 cturus
360 1075 441 1146 mibi
461 1076 589 1165 videor,
617 1077 645 1144 si
665 1076 709 1144 de
727 1077 943 1169 inscriptione
958 1078 1025 1164 illa,
1044 1079 1219 1169 perpensis
1240 1101 1333 1167 quae

220 1185 381 1253 hactenns
401 1181 501 1248 allata
526 1187 613 1265 sunt,
636 1181 830 1272 explicatius
848 1203 1024 1273 exponam.
1059 1171 1235 1271 Simulque
1261 1181 1333 1247 boc

222 1311 277 1355 me
304 1284 504 1355 effecturum
530 1306 647 1375 spero,
674 1292 711 1352 ιιι
736 1283 936 1352 Welckerus
963 1285 1036 1377 ipse
1061 1285 1242 1376 intelligat,
1271 1306 1332 1351 me

223 1391 267 1458 de
294 1389 379 1457 libro
411 1388 481 1455 eius
507 1387 541 1454 in
568 1409 708 1454 censura
736 1387 792 1455 illa
819 1411 930 1476 neque
962 1389 1075 1477 inique
1106 1411 1169 1455 nec
1204 1386 1333 1478 cupide

223 1494 404 1577 indicasse,
443 1491 632 1579 librumque
657 1490 752 1557 illum
784 1492 812 1558 si
838 1493 911 1580 quis
937 1500 1046 1559 totum
1071 1492 1137 1578 sic,
1172 1491 1220 1558 uti
1240 1513 1334 1557 nunc

224 1620 291 1665 una
311 1596 345 1662 in
369 1594 583 1684 inscriptione
601 1592 735 1679 faciam,
760 1617 963 1684 percensere
989 1595 1143 1679 voluerit,
1171 1616 1239 1661 non
1265 1593 1333 1661 de-

224 1700 372 1768 futuram
401 1719 474 1765 esse
507 1695 682 1765 materiam
708 1697 958 1765 confirmandae
984 1721 1086 1787 quam
1111 1697 1334 1789 pronunciavi

225 1801 415 1872 sententiae.

309 1905 476 1996 Apertum
490 1913 540 1971 est
560 1903 594 1970 in
607 1902 812 1995 explicandis
829 1903 1099 1995 inscriptionibus
1121 1911 1197 1971 ante
1218 1903 1334 1970 omnia

226 2009 270 2076 de
296 2009 333 2076 iis
356 2029 444 2097 quae
470 2015 606 2074 externa
634 2006 774 2074 dicimus
809 2007 1041 2096 quaerendum
1073 2029 1163 2076 esse:
1203 2029 1272 2096 qna
1297 2006 1335 2072 in

226 2125 314 2181 terra
339 2112 473 2178 iuventa
499 2110 541 2177 sit
564 2110 756 2202 inscripti03
783 2133 851 2200 quo
874 2111 951 2177 loco
976 2112 1105 2202 posita3
1131 2108 1214 2200 quid
1241 2109 1335 2176 circa

226 2238 301 2285 eam
326 2214 446 2296 fuerit3
473 2211 555 2302 quid
580 2223 715 2306 praeter
740 2213 849 2304 ipsam
870 2224 1087 2282 monumento
1112 2213 1333 2301 contineatur,

190 2320 305 2388 ‘num
331 2327 456 2400 statua,
496 2339 538 2383 an
562 2317 697 2410 imago,
738 2325 772 2384 et
798 2340 839 2384 ea
866 2317 958 2384 cuius
984 2318 1049 2399 rei3
1088 2315 1210 2384 deinde
1243 2317 1333 2384 inte-

227 2443 371 2514 grumne
398 2420 507 2487 sitan
531 2421 737 2505 mutilatum,
782 2429 816 2486 et
850 2442 919 2508 quo
954 2419 1057 2488 modo
1083 2420 1230 2500 laesum3
1264 2441 1333 2509 po·

226 2534 350 2592 stremo
372 2523 447 2612 ipsa
472 2521 636 2612 scriptura
663 2531 697 2590 et
722 2522 886 2612 quidquid
912 2521 956 2589 ad
983 2547 1057 2592 eam
1083 2523 1228 2614 pertinet
1261 2543 1334 2610 quo

226 2625 330 2694 modo
357 2625 398 2692 sit
423 2633 663 2716 comparatum.
715 2625 805 2719 Hinc
838 2626 958 2693 merito
978 2649 1087 2718 aegre
1113 2625 1270 2709 ferimus,
1305 2624 1335 2691 si

226 2729 349 2798 borum
372 2726 515 2817 aliquid,
537 2751 605 2818 quo
631 2729 720 2796 forte
746 2728 794 2795 uti
819 2751 1012 2820 possemus,
1038 2751 1106 2797 non
1132 2736 1182 2796 est
1200 2725 1334 2795 indica-

227 2846 318 2920 tum,
351 2833 563 2922 maximeque
590 2831 684 2922 quod
709 2831 754 2899 ad
779 2831 964 2924 scripturae
990 2840 1023 2900 et
1048 2833 1232 2900 litterarum
1258 2824 1335 2897 forss

228 2958 317 3003 mam
345 2935 469 3002 attinet.
510 2938 599 3004 Nam
619 2937 646 3002 si
666 2935 849 3002 litterarum
881 2937 965 3004 aliae
991 2937 1140 3027 figurae,
1174 2955 1336 3001 versuum

106 3076 111 3089 =
223 3039 314 3106 -aliae
341 3037 536 3119 divisiones,
573 3039 814 3106 vocabulorum
842 3038 905 3105 alia
932 3039 1102 3106 scribendi
1126 3038 1212 3105 ratio
1239 3035 1335 3104 exbi-

228 3142 346 3226 betur,
372 3140 506 3208 vacillat
531 3141 630 3208 firmo
656 3139 875 3209 fondamento
904 3141 1061 3209 destituta
1085 3164 1193 3232 opera
1215 3138 1335 3210 critici.
1420 3152 1423 3158 '

229 3243 293 3312 Cui
326 3266 430 3333 quum
464 3243 628 3311 rarissime
663 3245 835 3337 contingat
860 3255 896 3312 ut
920 3246 995 3336 ipsa
1021 3254 1097 3312 ante
1124 3244 1240 3312 oculos
1267 3241 1337 3308 ha·

228 3347 309 3414 beat
344 3357 577 3434 monumenta,
617 3348 818 3440 plerumque
844 3358 956 3417 autem
982 3349 1144 3440 exemplis
1169 3344 1336 3415 imitando

230 3449 335 3541 captis
358 3449 413 3516 vel
438 3452 677 3520 narrationibus
703 3451 809 3519 fidem
832 3451 960 3520 habere
982 3452 1122 3519 debeat:
1149 3448 1337 3541 religiosis-

230 3554 313 3620 sime
340 3574 457 3620 curare
491 3563 645 3646 oportet,
679 3555 737 3643 qui
763 3563 855 3623 recte
881 3555 1044 3623 disserere
1072 3554 1115 3621 de
1141 3552 1337 3642 inscriptio·
1375 3608 1380 3613 .

230 3656 326 3723 nibus
346 3656 427 3740 vult,
453 3664 490 3723 ut
515 3657 560 3723 ad
585 3658 734 3747 primum
760 3667 794 3725 et
809 3660 1028 3728 certissimum
1050 3664 1084 3724 et
1108 3656 1252 3724 maxime
1278 3654 1336 3721 in·
1360 3700 1365 3707 -

157 3847 160 3854 ,
230 3766 366 3849 tegrum
396 3759 526 3828 fontem
551 3760 681 3834 redeat.
735 3761 839 3846 Quod
855 3762 882 3829 si
908 3762 1152 3852 circumspecte
1167 3767 1269 3847 atque
1296 3767 1338 3824 ut

231 3862 434 3951 persuadeat
459 3863 530 3932 aliis
562 3863 752 3955 procedere
773 3866 880 3944 volet,
913 3867 988 3957 ipse
1020 3865 1134 3956 primo
1160 3862 1208 3930 sic
1234 3859 1337 3927 exhi-

231 3963 325 4030 bebit
350 3966 612 4058 inscriptionem,
636 3977 674 4036 ut
699 3968 820 4053 omnia,
847 3991 933 4056 quae
957 3968 1003 4036 ad
1027 3967 1187 4034 iudicium
1205 3963 1334 4031 facien-

232 4064 314 4134 dum
347 4068 472 4155 aliquid
502 4070 663 4139 momenti
687 4069 850 4157 babeant,
885 4095 987 4160 quam
1012 4069 1204 4163 plenissime
1230 4075 1335 4156 atque

134 4234 142 4244 .,
231 4169 476 4239 evidentissime
511 4182 588 4242 ante
621 4173 737 4240 oculos
769 4185 946 4265 ponantur.
998 4173 1040 4241 ld
1076 4195 1155 4242 vero
1189 4195 1210 4238 a
1234 4169 1335 4238 Wel-

65 4362 72 4369 ,
161 4342 164 4348 ,
230 4271 333 4340 ckero
359 4281 535 4366 tantopere
560 4277 753 4370 neglectum
780 4286 846 4364 est,
877 4287 915 4346 ut
941 4279 1068 4365 forma,
1101 4298 1169 4366 qua
1192 4273 1262 4341 hoc
1289 4272 1336 4341 de
