2918 4890
566 241 659 356 ιιι..
678 296 700 358 1.
744 284 845 357 c‘AP.
866 300 897 359 ο.
1234 304 1277 365 ιε

167 467 260 558 tiorre
274 489 301 556 is
321 487 417 556 verbi
433 486 565 572 ιοοόοο,
592 487 685 554 cuius
703 486 811 554 vicem
830 489 966 555 sustinet
987 472 1184 566 ἰολίοἰῑίιιιέ.
1209 490 1274 558 arl-

167 593 264 682 iungi
286 592 347 658 sibi
370 591 570 689 particulam
596 591 729 681 patitur.
783 589 872 656 Hinc
890 601 1002 682 patet,
1040 594 1132 685 prius
1157 593 1202 662 de
1225 593 1276 661 his

168 697 264 764 verbi
278 693 386 763 modis
394 720 411 780 ,’
432 716 536 783 quam
549 692 593 761 de
608 693 768 762 infinitivo
784 692 965 764 videndum
979 719 1063 770 esse.

602 952 613 983 .
697 900 754 970 VI.

205 1054 275 1124 De
300 1053 355 1129 ἄν
381 1064 424 1125 et
448 1054 521 1127 ιιὲν
549 1076 645 1123 σανα
670 1053 939 1125 indicativo
965 1053 1232 1124 summatim.

271 1209 339 1276 Par
359 1217 410 1277 est
433 1218 563 1295 autem,
590 1231 632 1275 ex
649 1207 745 1275 verbi
766 1207 876 1276 modis
900 1209 1045 1299 primum
1068 1227 1277 1276 commemo-

168 1312 236 1380 rari
249 1311 476 1380 indicativum.
508 1312 562 1380 De
582 1334 641 1397 eo,
660 1312 802 1402 ipsaque
814 1312 979 1402 particula
997 1333 1066 1378 non
1081 1311 1157 1378 satis
1173 1333 1278 1380 accu-

168 1425 241 1482 rate
252 1424 474 1506 praeceptum
489 1439 510 1482 a
523 1409 765 1506 grammaticis:
783 1436 926 1504 quorum
940 1414 1100 1481 sententia
1113 1411 1165 1480 his
1182 1435 1275 1480 conr-

168 1518 339 1609 prehensa
354 1528 404 1586 est
417 1519 528 1586 verbis
542 1517 712 1608 scriptoris
729 1517 772 1585 de
787 1518 917 1607 syntaxi
932 1518 967 1584 in
981 1516 1132 1585 Bekkeri
1146 1516 1275 1584 Anecd.

169 1644 205 1712 p
220 1618 305 1689 126.
352 1618 409 1695 Ι’Λ
418 1645 457 1694 ν·
483 1620 619 1694 τοῦτον
639 1613 707 1693 τόν
725 1613 925 1713 σύνδεσμον
945 1626 981 1694 οἱ
994 1646 1151 1709 τεχνινοι
1143 1617 1276 1712 δονη-

169 1717 275 1796 τινόν
299 1717 622 1818 προσαγορεύουσι·
657 1723 825 1820 σημαίνει
840 1716 909 1816 γοῖρ
933 1723 1092 1842 προῖγμα
1108 1714 1162 1818 μή
1174 1715 1275 1845 γενό

170 1852 295 1917 μενον,
321 1819 523 1919 δυνάμενον
538 1825 576 1898 tt
590 1826 776 1918 γενέσθαι,
798 1827 834 1896 εἰ
839 1817 891 1920 μή
906 1853 944 1897 τι
957 1818 1103 1918 συμβαν
1116 1817 1276 1903 έιιόλαεν,

172 1928 269 2016 οἶον,
310 1922 434 2020 εἰμιί
459 1921 541 2025 τήν
571 1925 756 2021 Ελένην
788 1923 1146 2051 Ἀλέξανδρος
1121 1952 1278 2046 ηρπα-

172 2057 268 2112 οεν,
297 2026 382 2104 οόιι
409 2060 460 2104 αν
491 2029 657 2150 Τρολα
662 2024 881 2152 οἷπόλετο.
877 2024 1079 2155 ἠδύνατο.
1107 2055 1203 2126 φησι,
1224 2056 1276 2123 μη

173 2334 291 2421 ἓξοόν
313 2333 552 2431 ὑπαρχόντων
572 2337 731 2459 χρόνων,
765 2337 989 2466 ἐνεστῶτος,
1008 2336 1277 2432 παρατατιιιοῦ,

172 2443 460 2536 παρακειμένου,
487 2439 875 2538 ναὶόπερσοντελιιιοό,
902 2436 1095 2535 ἀορίστου,
1120 2441 1278 2532 μέλλον·
1287 2452 1290 2459 ’

172 2561 245 2625 τος,
273 2545 443 2617 ἐνεστῶτι
458 2544 517 2617 nai
533 2545 784 2671 παρακειμένῳ
798 2571 857 2615 ναι
850 2543 1044 2635 Ημέλλοντι
1060 2539 1105 2614 ου’
1126 2535 1277 2614 σοντόσ·

173 2672 300 2736 σεται,
335 2651 413 2727 τοῖς
438 2649 568 2741 μέντοι
591 2645 689 2740 τρισὶ
709 2653 786 2727 τοῖς
811 2650 951 2726 λοιποῖς
968 2670 1067 2740 παρα
1090 2645 1180 2717 πᾶσι
1201 2649 1279 2726 τοῖς

110 2811 112 2815 ,
173 2754 301 2844 σοφοῖς
320 2745 533 2843 εὑρίσκεται.
585 2748 743 2840 Explicat
763 2748 850 2816 haec
875 2747 1085 2817 doctissimus
1105 2770 1277 2839 gramma-

159 2852 278 2944 tirus,
302 2852 503 2944 Apollonius
520 2851 577 2920 tib.
595 2851 655 2919 ΙΙΙ.
680 2850 725 2920 de
747 2852 876 2943 syntaxr
891 2874 966 2942 cap
989 2850 1024 2919 6.
1046 2849 1182 2942 ρ.2θλ
1202 2873 1227 2918 s.
1256 2848 1277 2922 ὁ

174 2947 265 3048 (λη’
241 2980 293 3027 αν
321 2949 514 3047 σύνδεσμος
536 2947 631 3078 αρ’το
649 2947 766 3047 μόνον
793 2959 831 3028 εἰι
855 2947 1033 3052 τηρήσεως
1061 2955 1202 3050 εἴρηται
1231 2950 1278 3033 οἱς

172 3059 447 3184 παρῳγημένοις
464 3050 717 3145 συντάσσεται,
743 3059 960 3184 ἐξῃρημένρυ
974 3055 1044 3130 τοῦ
1060 3056 1276 3180 παρακειμέ

174 3184 249 3231 νον.
266 3155 336 3278 ἐφ
351 3187 393 3282 ης
407 3153 603 3243 σαντοῖξεοις
619 3161 654 3232 εἰ
673 3154 796 3290 έρριτό
811 3186 886 3241 τις,
913 3163 951 3233 έν
966 3160 1020 3256 τῷ
1039 3152 1197 3284 γράψω
1225 3187 1278 3231 αν

173 3253 282 3388 urgeri
291 3261 332 3335 αι’
345 3290 389 3336 το
382 3255 685 3385 αναταλληλον
667 3264 808 3352 εγενετο
816 3316 831 3351 ,
857 3258 922 3335 οοίι
937 3263 1015 3336 ἔστι
1033 3255 1148 3357 φοίναι
1164 3261 1187 3357 ἢ
1202 3255 1277 3357 μό-

174 3388 239 3436 νον
262 3367 300 3437 έιι
326 3366 391 3462 τῆς
415 3358 647 3462 ἀντιλήψεως
673 3363 713 3458 [ό
740 3357 985 3463 αἰιαταλληλόν
1009 3361 1135 3456 ἐστιν]
1164 3353 1278 3454 (Ηοοο

173 3465 279 3533 verba
300 3477 357 3535 aut
376 3477 413 3536 ut
434 3467 623 3560 interpretis
648 3467 910 3535 additamentum
933 3466 1076 3537 delenda
1095 3475 1186 3552 sunt,
1220 3478 1278 3533 aut

173 3591 255 3636 mox
266 3580 346 3660 post
358 3563 622 3666 οἷνθαπαλλαγιγ
635 3569 896 3666 inserendast)
851 3596 937 3644 ουτε
950 3563 1020 3665 γοῖρ
1036 3566 1223 3697 αριθμρό
1213 3565 1278 3641 α’ν-

163 3668 463 3790 ·θοπαλλαγνγ’,”
418 3672 716 3761 οντεόλλοατοο,
736 3667 918 3748 όδόναται
920 3674 1108 3766 διελέγξαι
1121 3699 1165 3744 το
1177 3672 1276 3767 ριγμα

173 3799 226 3868 μιγ
219 3765 615 3871 ovmrriqriveimvov⁸
591 3802 613 3872 η
632 3769 980 3898 ομγχρονρόμινονιγ
969 3773 1279 3867 ’σονόνατιλλέμε-

174 3901 251 3948 νον.
281 3903 326 3968 ην
341 3879 379 3950 δὲ
393 3905 436 3950 το
461 3880 581 3952 αἴτιον
595 3879 726 3951 τοῦτο·
753 3872 803 3950 τό
822 3870 998 3971 γεγονότα
1014 3877 1087 3949 τόν
1104 3872 1279 4003 πραγμά-

173 4003 285 4049 ’νοονο
307 3973 549 4075 σύνδεσμος
524 3986 688 4074 αναιρεῐν
712 3983 828 4068 θέλει,
837 3973 1102 4106 περιϊστόνων
1113 3974 1209 4052 αότα
1231 3982 1279 4061 εἰς

174 4105 220 4173 το
212 4073 443 4172 minumae,
470 4085 577 4157 ἔνθεν
598 4111 656 4155 ναι
649 4077 917 4204 ’δυνητιιιος”
880 4108 1029 4206 ειριγται.
1056 4075 1102 4154 τό
1120 4083 1189 4175 μέν
1207 4076 1279 4202 γοῖρ

175 4180 353 4277 ἔγραψα
375 4185 402 4281 ἢ
417 4180 464 4259 τό
495 4188 716 4316 ἔγραφον
726 4186 750 4283 ἢ
776 4213 819 4260 το
852 4179 1181 4308 έγεγραφειν*
1158 4214 1179 4270 η
1204 4177 1279 4256 σι’πό

173 4284 307 4380 μέρους
322 4281 498 4381 γεγονότα
515 4289 634 4378 έσιλν,
656 4287 680 4387 ἢ
699 4316 758 4366 ιιαι
783 4289 935 4366 ενιπαλαι
953 4282 1143 4383 γεγονότα·
1170 4287 1278 4361 ἔνθεν
1330 4355 1332 4360 .
