2918 4890
176 243 220 306 ‘14
519 240 577 303 uu
600 237 877 337 ruarrcvur
898 235 947 306 ον

176 439 331 522 tempure
346 430 502 524 intelligi,
529 452 570 500 ex
587 453 638 521 eo¹
651 437 860 523 cognoscere
874 431 952 500 licet
969 431 1051 522 quid
1070 434 1285 504 statuendum

177 535 220 602 sit
235 533 278 601 de
295 534 528 628 Aristophanis
544 535 646 602 loco
636 556 670 602 ru
683 533 918 606 Eccles.140

278 685 338 758 καὶ
363 715 405 786 οη
398 680 509 760 Δία
537 682 788 760 σπένδουσί
754 715 775 778 y
816 685 839 783 ἢ
864 685 963 768 τίνος
987 680 1094 809 xriste

161 800 165 805 ’
279 785 507 882 τοσοῦτοίγ
535 785 697 878 οὔχοοτ,
725 791 825 885 εἴπερ
852 786 948 870 οἶνος
972 784 1026 887 μή
1052 790 1194 889 neptim

176 939 349 1010 Audacius
359 951 401 1011 et
419 943 576 1010 temerius
594 940 699 1009 edidit
713 941 979 1029 Brunckius,
955 970 980 1065 η
995 940 1092 1023 τίνος
1113 941 1158 1015 οἷο
1178 969 1285 1039 χαριο

132 1060 135 1067 ’
175 1041 331 1116 rosade
353 1038 571 1136 iuedxowv'.
624 1044 702 1114 Ald.
725 1045 862 1117 τοοαῦτ
870 1038 1093 1134 ’ἑπούχοοτ.
1145 1047 1284 1114 Raven-

82 1171 85 1184 ·
175 1169 235 1214 nas
254 1144 409 1219 τοσαῦτ
430 1144 586 1236 οὕχοοτ.
638 1148 693 1216 Ex
716 1146 793 1215 cod.
814 1147 952 1215 Monac.
974 1147 1068 1239 apud
1087 1149 1285 1216 Dobraeum

175 1249 370 1318 adnotatum
393 1247 548 1324 conavit
577 1246 707 1340 ἔχοντ’.
759 1251 858 1318 Patet
883 1275 982 1336 vero,
1018 1249 1147 1340 οὔχοοτ
1155 1247 1284 1333 'illud

174 1353 202 1422 si
218 1355 292 1441 quis
309 1353 346 1420 id
364 1349 515 1441 εὔχοντο
534 1377 607 1420 esse
619 1361 727 1443 putat,
750 1355 842 1421 nullo
858 1354 962 1422 modo
976 1354 1166 1445 significare
1181 1378 1285 1445 posse

131 1488 134 1493 >
167 1464 427 1549 precarentur.
480 1456 596 1538 Quare
622 1463 679 1522 aut
707 1466 758 1523 est
778 1454 968 1545 εὔχονται,
1002 1466 1077 1544 aut,
1103 1458 1132 1525 si
1155 1459 1284 1549 imper-

173 1559 301 1627 fectum
316 1567 383 1647 est,
410 1557 509 1625 scribi
524 1557 626 1625 debet
638 1554 794 1629 τοσοῦτ’
810 1557 855 1629 ἄν
871 1555 1025 1649 εὔχοντ’.

275 1661 441 1729 Adiiciam
463 1659 532 1750 his,
558 1669 683 1729 utnon
701 1659 770 1728 hue
783 1662 953 1752 pertinere
971 1684 1145 1750 moneam,
1171 1662 1285 1730 locum

172 1762 284 1834 Aiacis
297 1787 328 1834 v.
343 1761 429 1833 183.

276 1913 412 1988 οὔποτε
438 1907 508 2008 yde
535 1908 718 2010 φροοόθοο
743 1911 780 2007 γ’
806 1911 865 1988 ἐπ’
893 1907 1067 2011 doceant,

274 2023 346 2089 παῖ
371 2016 601 2108 Τελαμῶνος,
629 2017 713 2109 ἔβας

165 2166 168 2171 ·
274 2113 409 2193 τόσσον
417 2173 432 2209 ,
459 2123 497 2193 ἐν
523 2124 695 2212 ποιμοαῑς
720 2111 867 2191 norveia.

172 2272 397 2342 Blomfieldus
421 2271 466 2338 ad
489 2270 652 2361 Aeschyli
668 2273 760 2340 Pers.
780 2269 867 2338 871.
892 2269 937 2342 ἄν
954 2270 1168 2338 inserendum
1181 2279 1285 2363 puta-

171 2378 241 2449 bat.
293 2376 340 2443 At
363 2374 451 2441 illud
477 2397 545 2440 nou
575 2374 609 2440 in
631 2372 719 2441 hanc
744 2375 940 2441 sententiam
964 2375 1200 2466 accipiendum
1222 2383 1285 2461 est,

171 2502 243 2547 non
264 2477 319 2545 ita
334 2467 569 2561 insaniisees‚'
593 2475 655 2542 scd
673 2477 741 2543 hoc
761 2476 865 2543 modo
882 2478 1186 2569 interpretandum:
1212 2499 1286 2546 non

165 2581 266 2650 enim
283 2603 308 2646 ο
322 2602 419 2648 sana
433 2587 554 2647 mente
574 2577 629 2647 ita
651 2579 705 2646 ad
712 2600 894 2672 perversa
911 2579 1109 2650 aberrasti.

276 2682 457 2751 Caeterum
475 2683 575 2751 etiam
589 2682 762 2750 Romanos
779 2691 907 2750 constat
921 2684 1042 2751 eadem
1057 2685 1190 2776 ligura,
1217 2705 1285 2771 qua

172 2786 298 2855 Graeci
317 2788 366 2854 uti
391 2794 650 2874 consueverunt,
676 2787 711 2854 in
730 2809 768 2854 re
791 2788 971 2877 praeterita
995 2787 1194 2854 indicativos
1217 2807 1285 2877 pro

172 2877 387 2958 coniunctivis
410 2912 582 2981 usurpare.
636 2890 723 2957 Satis
744 2888 858 2957 haheo
879 2889 922 2956 de
944 2891 1094 2981 plurimis
1111 2912 1215 2958 uuum
1230 2889 1284 2956 af-

171 2993 260 3061 ferre
276 2993 478 3083 exemplum.
531 2993 691 3060 Horatius
710 2991 1030 3080 carm.11.17,28.

336 3165 394 3211 me
421 3152 571 3212 truanes
597 3144 752 3237 illapsus
776 3143 927 3214 cerebro
982 3221 985 3225 ¹
1103 3144 1104 3147 ’

378 3248 599 3337 sustulerat,
626 3248 697 3318 nisi
721 3249 872 3320 Faunus
897 3249 1009 3317 ictum

300 3349 438 3418 dextra
464 3351 631 3424 levasset.

172 3754 237 3824 De
262 3756 529 3829 indicativo
546 3760 799 3853 particula
820 3756 874 3833 ἂν
896 3753 1079 3826 ironice
1101 3753 1284 3825 omissa.

274 3909 429 3999 Denique
445 3913 510 3980 alia
525 3915 609 3982 ratio
626 3925 676 3985 est
690 3914 847 3983 orationis
863 3911 1018 3979 ironicae.
1072 3909 1162 3975 Nam
1177 3931 1284 3997 quum

171 4011 297 4078 ironiae
318 4012 377 4099 sit,
405 4018 607 4085 contrarium
623 4020 748 4108 dicere,
774 4038 877 4106 quam
895 4012 1036 4104 intelligi
1055 4011 1187 4095 debeat,
1213 4035 1283 4080 nou

173 4122 223 4182 est
237 4115 437 4205 obscurum,
464 4143 522 4204 ea,
549 4144 636 4210 quae
658 4123 728 4190 sine
751 4119 859 4188 ironia
882 4140 958 4185 cum
979 4115 1144 4207 particula
1165 4113 1211 4186 οἷο
1228 4115 1282 4182 di-

174 4217 281 4286 cenda
299 4229 422 4308 esseut,
449 4223 476 4290 si
490 4222 615 4292 ironice
631 4225 796 4313 dicuutur,
824 4243 939 4290 carere
956 4218 1083 4288 debere
1106 4219 1280 4308 particula.
1354 4215 1357 4221 ’
