2918 4890
272 288 321 350 ott
338 288 672 352 ruscnuulonfflvs
689 288 917 366 Qvfflvsoru
939 242 1113 358 cunnus.
1176 296 1243 360 sle

247 477 399 547 Transeo
412 479 481 547 ism
494 479 539 548 sd
547 481 689 549 alterum
702 481 787 550 latus
802 481 1035 573 inscriptionis,
1046 506 1135 573 quse
1146 483 1241 577 apud

145 581 362 650 Welckernm
376 583 471 674 prior
485 606 567 674 pars
582 584 832 676 epigrammatis
848 594 910 658 est.

257 684 293 751 V.
323 685 355 754 li.
384 684 455 775 (2)
495 687 788 760 ΤΑΧΕΙΡΙΟΙ.
818 685 820 697 ’
856 687 1040 757 Ditterurn
1069 688 1146 783 (nt,
1182 689 1239 758 vel

36 780 41 790 ’
145 787 298 879 uulgari
328 789 634 880 pronunciatione
667 811 920 882 sueppressam,
965 791 1021 859 vel
1054 790 1241 884 lapicidae

146 911 275 958 errore
295 891 421 961 deesse
454 892 626 974 coniicio,·
668 893 857 985 quantitas
877 893 971 962 enim
986 895 1171 988 ,neglecto
1192 893 1240 962 ab

146 1015 206 1078 eo,
240 992 299 1062 cui
320 989 510 1076 δεσπόταις
530 1018 561 1067 υ.
582 993 641 1062 11.
669 997 862 1089 dactylum
871 996 993 1090 facit,
1028 998 1241 1091 scrupulum

144 1119 216 1164 non
241 1095 376 1188 iniicit3
408 1097 590 1190 ταχείριος
613 1107 753 1186 aum,
784 1098 859 1169 sive
882 1092 1077 1195 ταρχήριος
1103 1100 1241 1170 dicitur

141 1221 214 1291 pro
236 1193 441 1296 ταρχευτής.
505 1201 710 1298 Ταρχευταὶ
722 1200 868 1296 fisneta
890 1200 1077 1273 curabant
1099 1212 1135 1273 et
1150 1205 1240 1297 'pol-

146 1300 347 1396 lingebant.
414 1301 545 1396 Sapra
583 1327 619 1379 n.
656 1303 726 1387 49,
765 1305 800 1374 4.
841 1305 984 1379 ἐνθαδὶ·
1007 1302 1239 1404 τετάρχυται.

147 1405 329 1500 Epityrnb.
357 1428 391 1477 n.
412 1405 495 1474 176.
530 1401 754 1504 scandens„
786 1408 834 1503 cf.
855 1432 890 1477 n.
911 1406 998 1478 snt.
1019 1406 1105 1478 577.
1159 1410 1240 1503 Ap-

140 1512 252 1604 pend.
271 1534 307 1583 n.
324 1507 409 1578 lte.
427 1509 512 1579 tet.
550 1511 743 1604 Appollon.
766 1513 793 1586 1,
808 1512 871 1586 82.
897 1513 939 1580 11.
956 1511 1039 1583 181.
1074 1513 1241 1582 Pseudo·

140 1615 288 1707 phocyl.
317 1607 743 1708 decorticaverunt(
767 1615 927 1708 Hesych.
952 1608 1143 1709 ταρχύειν·
1170 1609 1240 1689 ttu'·

38 1736 41 1744 '
146 1744 271 1805 πτειν,
305 1710 543 1810 ἐνταφιάζειν.
610 1715 767 1793 Verbum·
786 1713 985 1812 ὁμόδουλος
1003 1740 1075 1786 non
1097 1719 1151 1787 ad
1175 1711 1247 1799 ede

146 1819 394 1914 ταρχειρίους,
436 1820 504 1889 sed
533 1820 587 1890 ad
614 1829 782 1891 mortuae
811 1819 984 1914 mensum
1019 1821 1242 1913 eundemque

148 1943 358 1992 conservum
372 1921 592 1993 trahendum
603 1923 761 2012 videtur,
779 1923 939 2017 quidum
953 1922 1051 1993 illius
1064 1923 1242 2016 eueqidoe

147 2023 380 2095 celebrantur
397 2033 434 2093 et
446 2025 605 2120 inseriae
621 2027 778 2118 dantur,
805 2036 891 2096 tunc
907 2026 1026 2119 nisum
1043 2025 1092 2097 alr
1113 2027 1242 2096 itinere
1359 2099 1361 2103 ,

145 2128 332 2200 maritimo
355 2127 463 2196 redit.
519 2128 648 2225 Quare
657 2152 736 2198 vnon
755 2131 865 2224 plene
886 2137 974 2223 post
995 2129 1158 2223 primum
1180 2129 1242 2198 di-

147 2232 289 2302 stichon
314 2230 476 2303 distinxi
538 2229 737 2324 Suspicari
767 2234 853 2326 quis·
866 2231 1004 2325 metit,
1048 2233 1237 2320 TAXEI-

146 2338 284 2422 PIOI,
304 2333 532 2426 praesertim
555 2357 663 2427 quum
679 2335 811 2406 ultima
829 2335 956 2406 littera
973 2335 1010 2404 in
1012 2333 1099 2432 fine
1113 2356 1241 2404 verm

147 2437 212 2521 sit,
253 2458 333 2506 esse
357 2435 571 2534 Ταχείριον,
606 2461 735 2508 nornen
760 2437 975 2532 defunctae,
1011 2446 1244 2508 contractann

147 2563 193 2610 ex
216 2538 474 2634 Ταχυχείριον,
508 2549 550 2610 ut
577 2563 705 2610 nornen
728 2542 925 2636 proprium
952 2549 1009 2611 est
1028 2537 1241 2629 'Enrnodiu,

148 2666 210 2743 “Pe
221 2642 333 2718 v(irat.
347 2639 441 2734 608,
465 2643 499 2712 Ἰ.
546 2640 627 2714 Sed
642 2634 801 2736 χἐἰουσαι
816 2668 889 2715 non
895 2653 1050 2740 poterut
1065 2643 1141 2714 sine
1155 2641 1242 2714 sub-

147 2744 305 2816 stantiae
323 2745 421 2838 poni.
489 2764 492 2772 ·
559 2748 562 2761 '

247 2849 302 2918 De
317 2870 403 2917 voce
420 2847 635 2916 sWelckero
656 2840 984 2943 inventa'raxer'neoe
1003 2869 1071 2917 non
1091 2868 1177 2939 opus
1193 2855 1244 2917 est

147 2951 333 3042 quidquem
352 2952 437 3038 dici,
465 2951 601 3042 quando
623 2953 722 3020 etiam
742 2952 928 3020 tacentibus
950 2950 1047 3018 nobis
1063 2973 1164 3019 nemo
1176 2950 1241 3018 ed-

147 3055 289 3123 ducetnr
311 3063 348 3122 nt
364 3055 568 3122 vocobulum
588 3057 712 3146 probet
731 3057 833 3148 plene
854 3063 970 3122 contre
985 3053 1120 3145 linguae
1135 3054 1241 3142 retio-

26 3233 28 3235 ,
147 3181 224 3225 nem
246 3158 437 3230 formatum.
489 3157 594 3242 Quod
615 3168 727 3226 eutem
749 3159 794 3226 sd
816 3157 1092 3250 significationem
1115 3157 1242 3244 attinet,

146 3261 213 3328 iam
233 3261 269 3345 in
287 3282 427 3328 censura
443 3257 570 3326 dictum
592 3270 660 3347 est,
679 3261 713 3330 ‘si
725 3262 932 3355 sepulturam
953 3268 1106 3328 curantes
1121 3259 1241 3327 intelli·

146 3362 251 3456 gendi
281 3371 409 3452 essent,
451 3362 664 3430 statuendunt
696 3387 788 3451 esse,
820 3363 1030 3432 Dorotheum
1056 3363 1093 3430 in
1116 3361 1243 3430 familie

148 3489 208 3534 sua
225 3465 395 3557 peculiare
421 3486 528 3556 genus
549 3483 738 3551 servorum,
772 3467 826 3533 cui
846 3489 867 3533 u
889 3466 1046 3557 iuuerunt
1071 3465 1241 3533 curatione
1368 3512 1373 3526 ,

147 3590 272 3636 nomen
284 3575 381 3653 esset,
392 3565 560 3640 habuisse.
611 3569 658 3637 At
671 3578 709 3637 ut
722 3569 863 3640 fortasse
880 3569 916 3637 in
926 3570 1016 3662 regis
1030 3569 1165 3636 alicuius
1181 3569 1242 3634 mi-

147 3672 286 3739 nisteriis
302 3669 460 3739 funerarii
479 3669 565 3762 regii
583 3673 808 3764 reperiuntur,
831 3671 995 3766 privatum
1011 3680 1124 3740 temen
1137 3670 1242 3738 femi-
1295 3666 1297 3670 ’

147 3797 225 3841 num
238 3775 301 3842 sihi
314 3773 447 3864 suisque
458 3773 645 3866 peculiares
658 3775 842 3846 lunerarios
854 3777 910 3844 vel
924 3774 1107 3843 funerarins
1123 3773 1242 3842 eluisse
1324 3786 1337 3809 ¹

147 3877 246 3945 nimis
266 3901 287 3944 a
305 3877 377 3945 veri
399 3876 611 3946 similitudine
635 3879 805 3949 abhorret
856 3880 974 3948 Placet
994 3876 1132 3966 quidem
1144 3875 1241 3945 Wel-'

148 3979 269 4067 ekae,
297 3973 500 4072 ὁμόδουλον
520 4003 589 4048 non
602 3980 648 4049 sd
664 3983 743 4051 istus
757 3982 958 4066 innuerim,
984 3978 1047 4048 sed
1068 3979 1113 4047 sd
1135 4001 1240 4072 spon·

148 4104 222 4151 sum
242 4083 377 4151 referris
403 4091 439 4151 et
459 4082 575 4150 videat
590 4085 724 4176 uliquis,
750 4108 832 4155 num
849 4084 888 4153 id
905 4083 979 4152 fieri
1000 4082 1067 4151 hec
1086 4084 1120 4151 in
1135 4082 1242 4151 collo·

149 4187 278 4255 cutione
293 4185 475 4273 verborum
487 4186 611 4278 possitt
744 4192 746 4197 '
