2918 4890
216 301 282 366 we
470 295 893 361 nuntiusttntctts
918 297 1068 362 ELEGI.

216 480 358 566 Ἐφύρης
381 481 464 564 ἐβίω.
509 485 636 544 Primam
665 486 716 544 ille
741 504 847 545 voosm
874 505 935 544 non
963 430 1070 563 astigis.
1114 483 1213 559 Quam
1239 487 1321 546 onim

219 571 357 649 Riglerus
372 578 403 630 et
418 570 528 630 Axtius
548 570 574 628 ei
593 570 794 630 coniectursm
812 569 1000 640 tn'buemmt,
1022 569 1127 648 ligeuii
1140 579 1193 632 est
1237 570 1322 644 Quid

217 677 268 716 res
287 657 400 733 exigat,
427 676 489 715 nou
512 655 674 715 obscurum
696 654 828 717 videtur.
872 655 1014 733 Aeginam
1035 655 1113 714 enim
1137 676 1206 714 oum
1228 656 1321 716 Lside

218 751 321 822 petere
338 751 535 800 consueverat
558 740 749 820 Aristippus,
770 749 845 799 teste
866 737 1019 799 Athenaeo
1040 760 1070 819 p.
1086 744 1159 806 688.
1174 741 1209 800 E.
1231 735 1319 822 Ἀρί-

219 845 345 899 στιππος
359 822 393 886 δὲ
404 819 473 887 κατ’
487 826 552 898 ἔτος
563 823 797 906 συνδιημέρευεν
817 817 898 910 αὐτῇ
912 824 945 886 ἐν
957 826 1069 910 Αἰγίνη
1084 831 1148 898 τοῖς
1164 828 1318 888 Ποσειδω-

217 913 304 983 νίοις.
346 911 409 970 Neo
436 911 500 970 solo
527 911 560 970 id
590 912 810 989 Neptuoiorum
831 919 967 990 tempore
994 912 1109 970 factum
1129 931 1191 968 esse
1198 955 1208 984 ‚
1237 911 1320 971 idem

217 994 389 1057 Athenaeus
407 995 518 1055 indicet
536 1017 567 1076 p.
590 997 663 1062 544.
683 997 715 1057 Ι).
739 994 867 1075 διέτριβε
880 988 910 1056 d'
925 993 941 1056 d
956 989 1148 1076 Ἀρίστιππος
1160 992 1197 1056 soi
1218 993 1317 1058 πολλὰ

220 1082 254 1146 ἔν
271 1081 383 1164 Αἰγίνη
405 1085 540 1161 τρυφῶν.
583 1080 661 1140 Hinc
680 1081 846 1141 litterarum
866 1080 991 1158 vestigia
1010 1081 1149 1160 sequenti
1169 1079 1265 1140 facilis
1288 1103 1319 1141 se

219 1167 307 1227 offert
322 1165 511 1242 coniectum:
534 1159 658 1248 φεύγων
674 1160 838 1245 εὖλιμένων
854 1165 885 1240 ἐξ
898 1160 1038 1246 Ἐφύρης
1055 1164 1158 1242 ὁρίων.

305 1251 469 1330 Descriptio
489 1253 549 1311 ism
568 1273 586 1311 s
607 1249 798 1332 typographo
818 1250 902 1309 hisee
920 1250 1164 1310 adnotationibus
1181 1252 1267 1309 venit
1286 1250 1318 1309 in

217 1357 322 1396 msuus
347 1346 466 1395 nostros
485 1357 613 1396 censure
633 1336 811 1396 novissimae
826 1336 964 1396 editionis
982 1337 1014 1395 iu
1035 1336 1143 1395 Diariis
1163 1335 1318 1394 litterariis

215 1421 396 1482 Halensibus
411 1422 463 1481 fol.
483 1429 556 1489 204.
577 1422 608 1481 in
625 1442 682 1501 qus
699 1422 845 1501 quaedem
868 1421 975 1481 similis
997 1421 1109 1482 nostris
1128 1421 1317 1481 invenimus:

217 1506 255 1566 de
269 1506 394 1566 caeteris
409 1527 465 1566 our
479 1507 705 1581 dissentiamus,
727 1507 868 1585 quonism
881 1527 1032 1588 exponere
1049 1527 1149 1568 serum
1164 1514 1225 1583 est,
1246 1527 1318 1566 con·

215 1591 376 1653 iioiendum
390 1592 557 1654 lectoribus
572 1592 780 1673 relinquimus.
