2918 4890
587 273 735 336 mnu.
779 274 955 343 caum.
1086 358 1100 377 Ι,
1264 285 1329 348 mo

315 460 389 531 Sed
409 463 629 532 memorabile
655 471 725 552 est,
755 461 836 533 buic
869 463 1082 535 coniunctivo
1106 463 1339 540 deliberativo·

172 601 174 607 .
209 587 279 632 non
302 587 377 633 esse
392 566 506 634 locum
522 568 583 635 nisi
606 569 641 635 in
658 569 822 636 sententia
843 568 992 659 aliquam
1009 570 1224 663 negationem
1241 597 1324 642 con-
1436 558 1438 562 ’

209 668 355 736 tinente>
399 669 503 754 Quod
527 671 587 738 etsi
610 671 746 740 minime
765 672 888 740 mirum
913 680 982 759 est,
1007 683 1139 758 tamen,
1166 678 1325 765 quoniam

210 793 314 861 saepe
339 773 513 840 recondita
535 775 617 841 latet
637 775 696 856 illa
710 775 866 866 negatio,
893 774 1017 869 effugit
1037 774 1124 845 haec
1138 779 1224 849 ratio
1246 780 1323 848 dili-

209 875 375 967 gentiam
379 877 528 944 virorum
544 878 731 945 doctorum.
782 879 830 947 At
846 879 955 947 omnis
971 877 1168 947 deliberatio
1192 891 1243 950 εει
1257 883 1323 952 du-

209 976 362 1061 boantis,
388 980 482 1067 quod
499 989 549 1048 est
568 981 742 1048 nescientis
763 980 847 1070 quid
867 981 981 1073 eligat.
1034 981 1135 1049 Vnde
1156 1008 1220 1056 ουκ
1242 987 1322 1075 ἔχω,

210 1075 356 1172 ἀπορῶ,
385 1076 621 1180 εἷμφιςβητῶ,
648 1093 704 1150 aut
725 1084 831 1153 simile
853 1083 936 1174 quid
954 1083 1080 1174 ubique
1102 1085 1224 1155 subest
1278 1089 1325 1205 Vt

209 1182 304 1273 apud
317 1183 526 1276 Aeschylum
540 1185 756 1255 1³10me

312 1431 438 1536 poclum
461 1439 648 1537 σαφηνῶς,
676 1469 697 1538 η
717 1469 784 1515 τον
804 1436 1018 1515 ἑκλύσοντ”
1004 1443 1078 1535 εμέ.

207 1590 282 1659 Νεε
298 1593 428 1660 mirum.
483 1594 598 1678 Quum
617 1595 705 1662 enim
723 1595 872 1662 excultus
897 1617 1009 1662 sermo
1034 1593 1256 1682 Graecorum,
1283 1606 1322 1666 ut

159 1726 161 1730 ⁴
208 1718 312 1815 supra
342 1695 485 1782 dictum,
521 1698 732 1766 coniunctivo
752 1721 820 1765 non
840 1698 985 1765 utatur
976 1721 1010 1765 m
1035 1699 1196 1766 sententia
1219 1700 1321 1784 linali,

206 1798 268 1865 nis:
257 1799 449 1890 particula
470 1801 561 1867 finali
582 1801 714 1886 addita,
739 1801 941 1892 migraretur
961 1824 1002 1867 ea
1017 1824 1152 1890 norma,
1175 1802 1203 1870 si
1225 1803 1319 1870 affir-

205 1903 353 1969 matione
376 1925 577 1994 praegressa
602 1904 838 1971 deliberativus
868 1903 1095 1970 coniunctivus
1120 1855 1320 1995 poneretur:

146 2061 154 2065 .
206 2013 243 2072 ut
261 2006 328 2094 ἔχω
353 2003 435 2076 ὅτι
459 2005 534 2099 poi,
574 2006 692 2075 babeo
715 2007 814 2100 quod
836 2005 971 2072 dicam.
1021 2005 1119 2074 Haec
1139 2008 1227 2076 euim
1252 2009 1319 2076 ianr

206 2129 275 2176 non
298 2107 513 2197 deliberatio,
540 2133 651 2200 neque
676 2109 906 2177 conditionalis
931 2109 1093 2176 sententia
1115 2117 1185 2193 est,
1211 2112 1317 2199 qualis

197 2205 272 2296 ,otu
288 2211 354 2300 ἔχω
373 2208 449 2282 ὅτι
469 2211 547 2304 poi,
575 2213 637 2280 sed
658 2213 776 2285 finalis.
802 2212 953 2280 Diximus
972 2211 1109 2278 enimin
1130 2213 1220 2278 omni
1241 2236 1334 2280 sen-·

205 2314 309 2402 tentia
325 2313 540 2381 conditionali
556 2339 620 2407 per
635 2316 882 2384 coniunctivum
899 2314 1078 2406 significari
1091 2313 1240 2381 futurum
1257 2339 1318 2383 ex·
1379 2322 1382 2331 '

206 2425 338 2485 actum:
366 2439 407 2484 eo
427 2427 539 2485 auteur
561 2419 664 2506 illud,
690 2419 784 2508 quod
805 2418 967 2509 primario
992 2417 1098 2485 verbo
1122 2418 1316 2502 continetur,

205 2521 370 2611 posterius
395 2544 467 2588 esse
495 2521 616 2610 debet,
642 2530 680 2590 ut
701 2516 765 2594 ἑεῖν
790 2523 913 2618 θέλῃς,
941 2522 1037 2601 λέξω.
1089 2519 1187 2588 Haeo
1214 2522 1242 2588 si
1271 2521 1317 2590 ad
1368 2509 1374 2539 ³

205 2623 289 2690 illud
302 2625 491 2708 transferam
519 2621 583 2697 οὐκ
600 2627 667 2715 ἔχω
686 2621 709 2696 ὅ
724 2653 762 2696 τι
782 2624 852 2719 poi,
878 2631 971 2691 recte
988 2647 1024 2690 se
1041 2622 1181 2691 babebit
1197 2626 1315 2698 oratio.

205 2729 295 2794 Nam
316 2724 338 2798 ὅ
358 2755 396 2798 τι
413 2727 471 2821 pot
488 2730 628 2820 proprie
649 2736 700 2796 est
723 2729 822 2819 quod
843 2727 968 2794 dicere
982 2735 1151 2818 repertus
1167 2727 1255 2797 sim:
1281 2728 1318 2796 id

205 2831 307 2921 igitur
321 2831 471 2898 noudum
498 2842 642 2919 constat,
670 2831 732 2900 sed
748 2829 1010 2924 exspectandum
1032 2829 1169 2896 demum
1191 2838 1251 2915 est,
1274 2854 1316 2899 an

206 2934 279 3022 quis
298 2933 412 3000 dicere
428 2936 635 3026 reperiatur:
655 2937 767 3025 itaque
785 2935 815 3002 ei
829 2941 922 3000 recte
944 2932 1028 2998 illud
1042 2932 1154 3022 ipsum
1172 2933 1316 3018 additur,

197 3031 271 3125 ¹orb:
292 3036 369 3124 ἔχω.
410 3037 457 3103 Αι
472 3039 498 3103 si
514 3039 606 3106 dicas
627 3039 694 3126 ἔχω
715 3036 774 3109 ὅτι
790 3035 857 3130 φῶ,
883 3037 1123 3127 repugnabunt
1142 3035 1228 3103 baec
1243 3036 1315 3107 sibi.

204 3138 294 3205 Nam
310 3162 411 3228 quum
432 3135 505 3211 ὅτι
531 3140 589 3233 poi
607 3141 699 3227 dicis,
725 3140 762 3206 id
781 3149 817 3206 ut
839 3139 998 3222 futurum,
1027 3138 1131 3228 idque
1152 3139 1316 3207 incertum

205 3242 323 3332 ponis:
350 3266 453 3331 quum
472 3253 585 3310 autem
611 3245 678 3332 ἔχω
701 3243 835 3326 adiicis,
860 3243 928 3308 iam
951 3265 1111 3333 praesens
1130 3251 1164 3309 et
1187 3252 1316 3309 certum
1353 3241 1356 3245 ’

206 3368 278 3411 εεεε
304 3345 385 3413 dicis
404 3346 503 3432 illud,
531 3347 625 3436 quod
642 3369 683 3413 ex
702 3347 765 3413 ista
788 3345 901 3411 futura
921 3368 959 3411 re
979 3344 1144 3436 pendeat,
1171 3346 1273 3412 veluti
1289 3347 1316 3412 si

205 3447 315 3516 dicas:
351 3447 487 3532 babeo,
520 3451 619 3541 quod
642 3450 780 3522 dixero,
835 3445 1050 3535 Omninoque
1071 3448 1104 3514 in
1127 3469 1190 3532 eo,
1223 3439 1332 3536 quod'
1371 3514 1375 3537 ,-

205 3559 255 3616 est
276 3549 393 3618 habeo
417 3553 516 3643 quod
540 3553 684 3639 dicam,
719 3551 801 3620 nihil
820 3550 906 3618 inest
932 3550 1196 3618 deliberationis:
1225 3550 1317 3617 unde

204 3677 246 3720 ne
266 3654 361 3721 verbi
383 3657 521 3744 quidem
552 3656 673 3740 modo,
702 3656 759 3745 qui
782 3654 1012 3723 deliberationi
1035 3653 1185 3736 inservit,
1221 3653 1316 3720 loc'us

205 3765 264 3827 est.
317 3757 435 3848 ltaque
455 3783 522 3827 non
547 3760 594 3826 sic
619 3759 800 3847 loquuntur
828 3757 972 3843 Graeci,
1004 3757 1065 3824 sed
1089 3763 1147 3821 aut
1167 3755 1316 3827 futurum

191 3860 383 3948 adhibent,
412 3872 469 3929 aut
492 3863 590 3929 aliam
606 3859 775 3954 liguram:
804 3862 973 3952 planeque
994 3858 1184 3948 comparari
1204 3867 1317 3949 potest
1445 3855 1447 3860 ’

203 3962 300 4056 πρίν,
328 3966 421 4051 quod
438 3989 507 4032 non
521 3966 583 4034 nisi
597 3967 779 4057 negatione
797 3985 997 4054 praegressa
1011 3983 1088 4027 cum
1106 3959 1211 4028 terbo
1221 3971 1315 4028 recto
1398 4003 1400 4006 -

204 4068 419 4134 construitur:
446 4067 489 4134 de
506 4092 572 4156 qua
589 4093 627 4136 re
646 4068 714 4135 dixi
730 4066 774 4134 ad
789 4065 908 4156 Eurip
930 4064 1028 4136 Med.
1048 4059 1134 4130 215.
1152 4073 1186 4131 et
1199 4063 1316 4131 Reisi-

113 4244 117 4252 ¹
155 4194 159 4201 ι
203 4169 278 4258 gius
302 4170 336 4235 in
352 4169 428 4238 diss
453 4169 496 4236 de
515 4169 791 4260 particulaoinp.
813 4166 899 4235 105
914 4192 988 4256 seq.
1041 4166 1158 4234 Edidit
1180 4166 1318 4259 quidem

99 4340 105 4351 ,
203 4271 382 4338 Bekkerus
404 4273 496 4363 apud
510 4270 960 4391 PlatonemiuPbaedrop
976 4267 1062 4337 255
1077 4271 1153 4339 Ex
1137 4296 1174 4343 εν
1190 4264 1254 4390 odo
1273 4267 1319 4366 τῇ

255 4373 377 4443 Hnam
401 4375 468 4447 ΟΡ.
494 4377 552 4512 lll.
915 4434 919 4442 f
1090 4373 1107 4439 l
