<?xml version="1.0" encoding="UTF-8"?>
<!DOCTYPE html PUBLIC "-//W3C//DTD XHTML 1.0 Transitional//EN"
    "http://www.w3.org/TR/xhtml1/DTD/xhtml1-transitional.dtd">
<html xmlns="http://www.w3.org/1999/xhtml" xml:lang="en" lang="en">
 <head>
  <title>
</title>
<meta http-equiv="Content-Type" content="text/html;charset=utf-8" />
  <meta name='ocr-system' content='tesseract 3.04.00' />
  <meta name='ocr-capabilities' content='ocr_page ocr_carea ocr_par ocr_line ocrx_word'/>
</head>
<body>
  <div class='ocr_page' id='page_1' title='image "./opuscula10hermgoog/opuscula10hermgoog_0071.png"; bbox 0 0 2918 4890; ppageno 0'>
   <div class='ocr_carea' id='block_1_1' title="bbox 173 223 945 296">
    <p class='ocr_par' dir='ltr' id='par_1_1' title="bbox 173 223 945 296">
     <span class='ocr_line' id='line_1_1' title="bbox 173 223 945 296; baseline -0.006 0"><span class='ocrx_word' id='word_1_1' title='bbox 173 231 218 296; x_wconf 59' lang='grc' dir='ltr'>Β</span> <span class='ocrx_word' id='word_1_2' title='bbox 513 225 882 289; x_wconf 65' lang='grc' dir='ltr'>ΒΕῬΔΒΤΙΟῩΙΛ</span> <span class='ocrx_word' id='word_1_3' title='bbox 905 223 945 290; x_wconf 75' lang='grc' dir='ltr'>ἂν</span> 
     </span>
    </p>
   </div>
   <div class='ocr_carea' id='block_1_2' title="bbox 149 417 1288 3404">
    <p class='ocr_par' dir='ltr' id='par_1_2' title="bbox 149 417 1288 3404">
     <span class='ocr_line' id='line_1_2' title="bbox 174 417 1288 512; baseline 0.001 -24"><span class='ocrx_word' id='word_1_4' title='bbox 174 442 281 512; x_wconf 86' lang='lat' dir='ltr'>quum</span> <span class='ocrx_word' id='word_1_5' title='bbox 299 418 417 508; x_wconf 87' lang='lat' dir='ltr'>multi,</span> <span class='ocrx_word' id='word_1_6' title='bbox 447 417 543 508; x_wconf 91' lang='lat' dir='ltr'>quod</span> <span class='ocrx_word' id='word_1_7' title='bbox 560 417 764 509; x_wconf 83' lang='lat' dir='ltr'>plerumque</span> <span class='ocrx_word' id='word_1_8' title='bbox 786 418 862 488; x_wconf 89' lang='lat' dir='ltr'>lieri</span> <span class='ocrx_word' id='word_1_9' title='bbox 881 417 1052 507; x_wconf 82' lang='lat' dir='ltr'>viderent,</span> <span class='ocrx_word' id='word_1_10' title='bbox 1077 417 1206 510; x_wconf 86' lang='lat' dir='ltr'>ubique</span> <span class='ocrx_word' id='word_1_11' title='bbox 1230 421 1288 489; x_wconf 77' lang='lat' dir='ltr'>fa-</span> 
     </span>
     <span class='ocr_line' id='line_1_3' title="bbox 174 522 1287 615; baseline 0.001 -22"><span class='ocrx_word' id='word_1_12' title='bbox 174 523 333 593; x_wconf 88' lang='lat' dir='ltr'>ciendum</span> <span class='ocrx_word' id='word_1_13' title='bbox 355 523 458 590; x_wconf 83' lang='lat' dir='ltr'>fuisse</span> <span class='ocrx_word' id='word_1_14' title='bbox 482 523 717 592; x_wconf 71' lang='lat' dir='ltr'>existimarent.</span> <span class='ocrx_word' id='word_1_15' title='bbox 768 523 848 607; x_wconf 81' lang='lat' dir='ltr'>Qua</span> <span class='ocrx_word' id='word_1_16' title='bbox 869 524 1029 615; x_wconf 89' lang='lat' dir='ltr'>opinione</span> <span class='ocrx_word' id='word_1_17' title='bbox 1049 522 1135 590; x_wconf 90' lang='lat' dir='ltr'>nilril</span> <span class='ocrx_word' id='word_1_18' title='bbox 1156 525 1191 592; x_wconf 89' lang='lat' dir='ltr'>in</span> <span class='ocrx_word' id='word_1_19' title='bbox 1212 534 1287 594; x_wconf 83' lang='lat' dir='ltr'>arte</span> 
     </span>
     <span class='ocr_line' id='line_1_4' title="bbox 175 625 1286 720; baseline 0.001 -25"><span class='ocrx_word' id='word_1_20' title='bbox 175 627 290 696; x_wconf 79' lang='lat' dir='ltr'>critica</span> <span class='ocrx_word' id='word_1_21' title='bbox 313 625 456 719; x_wconf 77' lang='lat' dir='ltr'>cogitari</span> <span class='ocrx_word' id='word_1_22' title='bbox 471 634 585 718; x_wconf 84' lang='lat' dir='ltr'>potest</span> <span class='ocrx_word' id='word_1_23' title='bbox 599 625 827 717; x_wconf 77' lang='lat' dir='ltr'>perniciosius</span> <span class='ocrx_word' id='word_1_24' title='bbox 880 625 1124 711; x_wconf 73' lang='lat' dir='ltr'><strong>Quaerendum</strong></span> <span class='ocrx_word' id='word_1_25' title='bbox 1144 636 1197 696; x_wconf 86' lang='lat' dir='ltr'>est</span> <span class='ocrx_word' id='word_1_26' title='bbox 1216 651 1286 720; x_wconf 91' lang='lat' dir='ltr'>po-</span> 
     </span>
     <span class='ocr_line' id='line_1_5' title="bbox 174 729 1286 819; baseline 0 -19"><span class='ocrx_word' id='word_1_27' title='bbox 174 732 259 817; x_wconf 87' lang='lat' dir='ltr'>tius,</span> <span class='ocrx_word' id='word_1_28' title='bbox 283 738 396 800; x_wconf 72' lang='lat' dir='ltr'>uuum</span> <span class='ocrx_word' id='word_1_29' title='bbox 416 729 500 819; x_wconf 92' lang='lat' dir='ltr'>quid</span> <span class='ocrx_word' id='word_1_30' title='bbox 513 729 718 811; x_wconf 86' lang='lat' dir='ltr'>necessario,</span> <span class='ocrx_word' id='word_1_31' title='bbox 743 751 786 798; x_wconf 84' lang='lat' dir='ltr'>an</span> <span class='ocrx_word' id='word_1_32' title='bbox 802 753 864 797; x_wconf 93' lang='lat' dir='ltr'>usu</span> <span class='ocrx_word' id='word_1_33' title='bbox 880 729 1031 819; x_wconf 85' lang='lat' dir='ltr'>quodam</span> <span class='ocrx_word' id='word_1_34' title='bbox 1043 738 1080 797; x_wconf 89' lang='lat' dir='ltr'>et</span> <span class='ocrx_word' id='word_1_35' title='bbox 1100 740 1286 800; x_wconf 88' lang='lat' dir='ltr'>consuetu·</span> 
     </span>
     <span class='ocr_line' id='line_1_6' title="bbox 174 832 1286 925; baseline -0.003 -22"><span class='ocrx_word' id='word_1_36' title='bbox 174 833 330 921; x_wconf 78' lang='lat' dir='ltr'>dineliat,</span> <span class='ocrx_word' id='word_1_37' title='bbox 348 833 798 923; x_wconf 79' lang='lat' dir='ltr'>omninoqueeaussaeprius</span> <span class='ocrx_word' id='word_1_38' title='bbox 807 842 883 901; x_wconf 91' lang='lat' dir='ltr'>sunt</span> <span class='ocrx_word' id='word_1_39' title='bbox 895 832 1162 925; x_wconf 72' lang='lat' dir='ltr'>investigandae,</span> <span class='ocrx_word' id='word_1_40' title='bbox 1179 857 1286 924; x_wconf 83' lang='lat' dir='ltr'>quam</span> 
     </span>
     <span class='ocr_line' id='line_1_7' title="bbox 174 935 1285 1031; baseline -0.001 -24"><span class='ocrx_word' id='word_1_41' title='bbox 174 938 313 1031; x_wconf 80' lang='lat' dir='ltr'>regulae</span> <span class='ocrx_word' id='word_1_42' title='bbox 326 936 590 1008; x_wconf 86' lang='lat' dir='ltr'>constituendae.</span> <span class='ocrx_word' id='word_1_43' title='bbox 642 936 690 1004; x_wconf 86' lang='lat' dir='ltr'>Et</span> <span class='ocrx_word' id='word_1_44' title='bbox 700 935 768 1004; x_wconf 89' lang='lat' dir='ltr'>hac</span> <span class='ocrx_word' id='word_1_45' title='bbox 783 936 922 1024; x_wconf 85' lang='lat' dir='ltr'>quidem</span> <span class='ocrx_word' id='word_1_46' title='bbox 935 938 972 1004; x_wconf 91' lang='lat' dir='ltr'>irr</span> <span class='ocrx_word' id='word_1_47' title='bbox 985 960 1041 1022; x_wconf 89' lang='lat' dir='ltr'>rc,</span> <span class='ocrx_word' id='word_1_48' title='bbox 1061 936 1096 1003; x_wconf 93' lang='lat' dir='ltr'>in</span> <span class='ocrx_word' id='word_1_49' title='bbox 1110 959 1180 1027; x_wconf 86' lang='lat' dir='ltr'>qua</span> <span class='ocrx_word' id='word_1_50' title='bbox 1194 960 1285 1008; x_wconf 93' lang='lat' dir='ltr'>nuuc</span> 
     </span>
     <span class='ocr_line' id='line_1_8' title="bbox 175 1039 1284 1130; baseline 0 -20"><span class='ocrx_word' id='word_1_51' title='bbox 175 1063 364 1126; x_wconf 81' lang='lat' dir='ltr'>versamur,</span> <span class='ocrx_word' id='word_1_52' title='bbox 389 1039 473 1107; x_wconf 93' lang='lat' dir='ltr'>illud</span> <span class='ocrx_word' id='word_1_53' title='bbox 483 1049 562 1108; x_wconf 86' lang='lat' dir='ltr'>ante</span> <span class='ocrx_word' id='word_1_54' title='bbox 576 1039 689 1108; x_wconf 88' lang='lat' dir='ltr'>omnia</span> <span class='ocrx_word' id='word_1_55' title='bbox 707 1039 890 1107; x_wconf 84' lang='lat' dir='ltr'>videndum</span> <span class='ocrx_word' id='word_1_56' title='bbox 910 1048 980 1126; x_wconf 85' lang='lat' dir='ltr'>est,</span> <span class='ocrx_word' id='word_1_57' title='bbox 1005 1039 1089 1128; x_wconf 92' lang='lat' dir='ltr'>quid</span> <span class='ocrx_word' id='word_1_58' title='bbox 1103 1040 1161 1118; x_wconf 87' lang='lat' dir='ltr'>sit,</span> <span class='ocrx_word' id='word_1_59' title='bbox 1189 1042 1284 1130; x_wconf 90' lang='lat' dir='ltr'>quod</span> 
     </span>
     <span class='ocr_line' id='line_1_9' title="bbox 174 1142 1282 1236; baseline -0.005 -21"><span class='ocrx_word' id='word_1_60' title='bbox 174 1144 316 1215; x_wconf 76' lang='lat' dir='ltr'><strong>dicimus</strong></span> <span class='ocrx_word' id='word_1_61' title='bbox 330 1144 438 1212; x_wconf 88' lang='lat' dir='ltr'>omitti</span> <span class='ocrx_word' id='word_1_62' title='bbox 450 1144 659 1234; x_wconf 73' lang='lat' dir='ltr'><strong>particulam</strong></span> <span class='ocrx_word' id='word_1_63' title='bbox 695 1142 812 1210; x_wconf 88' lang='lat' dir='ltr'>Potest</span> <span class='ocrx_word' id='word_1_64' title='bbox 826 1143 918 1210; x_wconf 90' lang='lat' dir='ltr'>enim</span> <span class='ocrx_word' id='word_1_65' title='bbox 937 1142 1116 1235; x_wconf 82' lang='lat' dir='ltr'>dupliciter</span> <span class='ocrx_word' id='word_1_66' title='bbox 1130 1144 1282 1236; x_wconf 80' lang='lat' dir='ltr'>intelligi.</span> 
     </span>
     <span class='ocr_line' id='line_1_10' title="bbox 158 1245 1284 1338; baseline -0.002 -22"><span class='ocrx_word' id='word_1_67' title='bbox 158 1249 264 1316; x_wconf 79' lang='lat' dir='ltr'>-Nam</span> <span class='ocrx_word' id='word_1_68' title='bbox 282 1256 341 1315; x_wconf 86' lang='lat' dir='ltr'>aut</span> <span class='ocrx_word' id='word_1_69' title='bbox 362 1245 446 1315; x_wconf 88' lang='lat' dir='ltr'>nihil</span> <span class='ocrx_word' id='word_1_70' title='bbox 465 1246 588 1314; x_wconf 90' lang='lat' dir='ltr'>mutari</span> <span class='ocrx_word' id='word_1_71' title='bbox 606 1245 803 1315; x_wconf 85' lang='lat' dir='ltr'>seutentiam</span> <span class='ocrx_word' id='word_1_72' title='bbox 823 1255 981 1337; x_wconf 89' lang='lat' dir='ltr'>putamus</span> <span class='ocrx_word' id='word_1_73' title='bbox 1002 1245 1153 1313; x_wconf 72' lang='lat' dir='ltr'>deuecta</span> <span class='ocrx_word' id='word_1_74' title='bbox 1172 1249 1284 1338; x_wconf 91' lang='lat' dir='ltr'>parti-</span> 
     </span>
     <span class='ocr_line' id='line_1_11' title="bbox 173 1348 1283 1439; baseline 0 -22"><span class='ocrx_word' id='word_1_75' title='bbox 173 1352 260 1437; x_wconf 84' lang='lat' dir='ltr'>cula,</span> <span class='ocrx_word' id='word_1_76' title='bbox 281 1349 473 1418; x_wconf 87' lang='lat' dir='ltr'>autmutari</span> <span class='ocrx_word' id='word_1_77' title='bbox 487 1349 636 1439; x_wconf 89' lang='lat' dir='ltr'>quadam</span> <span class='ocrx_word' id='word_1_78' title='bbox 649 1348 788 1419; x_wconf 86' lang='lat' dir='ltr'>ratione.</span> <span class='ocrx_word' id='word_1_79' title='bbox 825 1348 957 1432; x_wconf 77' lang='lat' dir='ltr'>Quodsi</span> <span class='ocrx_word' id='word_1_80' title='bbox 970 1348 1053 1415; x_wconf 91' lang='lat' dir='ltr'>nihil</span> <span class='ocrx_word' id='word_1_81' title='bbox 1065 1351 1189 1416; x_wconf 89' lang='lat' dir='ltr'>mutari</span> <span class='ocrx_word' id='word_1_82' title='bbox 1202 1373 1283 1417; x_wconf 86' lang='lat' dir='ltr'>seu·</span> 
     </span>
     <span class='ocr_line' id='line_1_12' title="bbox 171 1449 1285 1540; baseline -0.003 -18"><span class='ocrx_word' id='word_1_83' title='bbox 171 1454 310 1522; x_wconf 85' lang='lat' dir='ltr'>tentiam</span> <span class='ocrx_word' id='word_1_84' title='bbox 332 1452 500 1536; x_wconf 81' lang='lat' dir='ltr'>volemus,</span> <span class='ocrx_word' id='word_1_85' title='bbox 525 1459 618 1518; x_wconf 91' lang='lat' dir='ltr'>recte</span> <span class='ocrx_word' id='word_1_86' title='bbox 644 1449 783 1538; x_wconf 92' lang='lat' dir='ltr'>quidem</span> <span class='ocrx_word' id='word_1_87' title='bbox 810 1451 1008 1540; x_wconf 84' lang='lat' dir='ltr'>loquemur,</span> <span class='ocrx_word' id='word_1_88' title='bbox 1041 1472 1147 1539; x_wconf 92' lang='lat' dir='ltr'>quum</span> <span class='ocrx_word' id='word_1_89' title='bbox 1174 1453 1285 1519; x_wconf 86' lang='lat' dir='ltr'>omitti</span> 
     </span>
     <span class='ocr_line' id='line_1_13' title="bbox 172 1552 1283 1648; baseline -0.001 -25"><span class='ocrx_word' id='word_1_90' title='bbox 172 1555 373 1648; x_wconf 82' lang='lat' dir='ltr'>particulam</span> <span class='ocrx_word' id='word_1_91' title='bbox 393 1553 563 1639; x_wconf 83' lang='lat' dir='ltr'>dicemus,</span> <span class='ocrx_word' id='word_1_92' title='bbox 589 1552 650 1620; x_wconf 91' lang='lat' dir='ltr'>sed</span> <span class='ocrx_word' id='word_1_93' title='bbox 674 1553 918 1621; x_wconf 72' lang='lat' dir='ltr'>committemus</span> <span class='ocrx_word' id='word_1_94' title='bbox 941 1563 1054 1622; x_wconf 87' lang='lat' dir='ltr'>tamen</span> <span class='ocrx_word' id='word_1_95' title='bbox 1067 1553 1195 1643; x_wconf 89' lang='lat' dir='ltr'>aliquid</span> <span class='ocrx_word' id='word_1_96' title='bbox 1217 1555 1283 1622; x_wconf 87' lang='lat' dir='ltr'>ab·</span> 
     </span>
     <span class='ocr_line' id='line_1_14' title="bbox 173 1655 1283 1749; baseline -0.001 -23"><span class='ocrx_word' id='word_1_97' title='bbox 173 1657 284 1741; x_wconf 88' lang='lat' dir='ltr'>surdi,</span> <span class='ocrx_word' id='word_1_98' title='bbox 310 1657 389 1746; x_wconf 87' lang='lat' dir='ltr'>quia</span> <span class='ocrx_word' id='word_1_99' title='bbox 412 1657 440 1723; x_wconf 82' lang='lat' dir='ltr'>si</span> <span class='ocrx_word' id='word_1_100' title='bbox 462 1656 628 1747; x_wconf 87' lang='lat' dir='ltr'>particula</span> <span class='ocrx_word' id='word_1_101' title='bbox 643 1655 771 1746; x_wconf 92' lang='lat' dir='ltr'>aliquid</span> <span class='ocrx_word' id='word_1_102' title='bbox 783 1665 895 1724; x_wconf 88' lang='lat' dir='ltr'>tamen</span> <span class='ocrx_word' id='word_1_103' title='bbox 909 1657 1084 1749; x_wconf 80' lang='lat' dir='ltr'>significat,</span> <span class='ocrx_word' id='word_1_104' title='bbox 1108 1656 1193 1724; x_wconf 89' lang='lat' dir='ltr'>nihil</span> <span class='ocrx_word' id='word_1_105' title='bbox 1206 1680 1283 1726; x_wconf 85' lang='lat' dir='ltr'>eam</span> 
     </span>
     <span class='ocr_line' id='line_1_15' title="bbox 172 1759 1282 1853; baseline 0.004 -27"><span class='ocrx_word' id='word_1_106' title='bbox 172 1761 361 1853; x_wconf 76' lang='lat' dir='ltr'>significare</span> <span class='ocrx_word' id='word_1_107' title='bbox 380 1781 519 1827; x_wconf 89' lang='lat' dir='ltr'>necesse</span> <span class='ocrx_word' id='word_1_108' title='bbox 540 1768 644 1846; x_wconf 88' lang='lat' dir='ltr'>esset,</span> <span class='ocrx_word' id='word_1_109' title='bbox 671 1759 698 1827; x_wconf 93' lang='lat' dir='ltr'>si</span> <span class='ocrx_word' id='word_1_110' title='bbox 710 1759 852 1850; x_wconf 84' lang='lat' dir='ltr'>perinde</span> <span class='ocrx_word' id='word_1_111' title='bbox 872 1770 976 1848; x_wconf 89' lang='lat' dir='ltr'>esset,</span> <span class='ocrx_word' id='word_1_112' title='bbox 1004 1769 1116 1827; x_wconf 91' lang='lat' dir='ltr'>utrum</span> <span class='ocrx_word' id='word_1_113' title='bbox 1133 1759 1282 1830; x_wconf 87' lang='lat' dir='ltr'>addere-</span> 
     </span>
     <span class='ocr_line' id='line_1_16' title="bbox 171 1863 1283 1956; baseline 0.001 -24"><span class='ocrx_word' id='word_1_114' title='bbox 171 1872 226 1932; x_wconf 89' lang='lat' dir='ltr'>tur</span> <span class='ocrx_word' id='word_1_115' title='bbox 240 1887 284 1932; x_wconf 92' lang='lat' dir='ltr'>arr</span> <span class='ocrx_word' id='word_1_116' title='bbox 301 1863 519 1931; x_wconf 88' lang='lat' dir='ltr'>omitteretur.</span> <span class='ocrx_word' id='word_1_117' title='bbox 571 1863 632 1931; x_wconf 89' lang='lat' dir='ltr'>Sin</span> <span class='ocrx_word' id='word_1_118' title='bbox 650 1863 773 1931; x_wconf 90' lang='lat' dir='ltr'>mutari</span> <span class='ocrx_word' id='word_1_119' title='bbox 792 1864 971 1933; x_wconf 88' lang='lat' dir='ltr'>omissione</span> <span class='ocrx_word' id='word_1_120' title='bbox 983 1863 1169 1956; x_wconf 78' lang='lat' dir='ltr'>particulae</span> <span class='ocrx_word' id='word_1_121' title='bbox 1184 1865 1283 1933; x_wconf 85' lang='lat' dir='ltr'>vole-</span> 
     </span>
     <span class='ocr_line' id='line_1_17' title="bbox 170 1965 1283 2058; baseline -0.001 -23"><span class='ocrx_word' id='word_1_122' title='bbox 170 1990 247 2036; x_wconf 88' lang='lat' dir='ltr'>mus</span> <span class='ocrx_word' id='word_1_123' title='bbox 274 1967 489 2052; x_wconf 88' lang='lat' dir='ltr'>senteutiam,</span> <span class='ocrx_word' id='word_1_124' title='bbox 535 1966 644 2034; x_wconf 88' lang='lat' dir='ltr'>omitti</span> <span class='ocrx_word' id='word_1_125' title='bbox 673 1967 874 2058; x_wconf 80' lang='lat' dir='ltr'>particulam</span> <span class='ocrx_word' id='word_1_126' title='bbox 902 1990 971 2036; x_wconf 89' lang='lat' dir='ltr'>non</span> <span class='ocrx_word' id='word_1_127' title='bbox 998 1976 1093 2035; x_wconf 87' lang='lat' dir='ltr'>recte</span> <span class='ocrx_word' id='word_1_128' title='bbox 1118 1965 1283 2051; x_wconf 86' lang='lat' dir='ltr'>dicemus,</span> 
     </span>
     <span class='ocr_line' id='line_1_18' title="bbox 171 2069 1283 2162; baseline 0.002 -24"><span class='ocrx_word' id='word_1_129' title='bbox 171 2071 269 2160; x_wconf 84' lang='lat' dir='ltr'>quia,</span> <span class='ocrx_word' id='word_1_130' title='bbox 295 2070 354 2138; x_wconf 91' lang='lat' dir='ltr'>ubi</span> <span class='ocrx_word' id='word_1_131' title='bbox 373 2093 441 2138; x_wconf 88' lang='lat' dir='ltr'>non</span> <span class='ocrx_word' id='word_1_132' title='bbox 460 2069 545 2139; x_wconf 87' lang='lat' dir='ltr'>illud</span> <span class='ocrx_word' id='word_1_133' title='bbox 565 2069 823 2162; x_wconf 83' lang='lat' dir='ltr'>significandum</span> <span class='ocrx_word' id='word_1_134' title='bbox 843 2079 909 2156; x_wconf 88' lang='lat' dir='ltr'>est,</span> <span class='ocrx_word' id='word_1_135' title='bbox 935 2071 985 2138; x_wconf 86' lang='lat' dir='ltr'>ad¹</span> <span class='ocrx_word' id='word_1_136' title='bbox 1003 2070 1097 2160; x_wconf 89' lang='lat' dir='ltr'>quod</span> <span class='ocrx_word' id='word_1_137' title='bbox 1118 2091 1207 2161; x_wconf 87' lang='lat' dir='ltr'>opus</span> <span class='ocrx_word' id='word_1_138' title='bbox 1230 2081 1283 2140; x_wconf 88' lang='lat' dir='ltr'>cst</span> 
     </span>
     <span class='ocr_line' id='line_1_19' title="bbox 169 2174 1282 2268; baseline 0 -26"><span class='ocrx_word' id='word_1_139' title='bbox 169 2174 353 2268; x_wconf 88' lang='lat' dir='ltr'>particula,</span> <span class='ocrx_word' id='word_1_140' title='bbox 367 2175 498 2243; x_wconf 80' lang='lat' dir='ltr'>abesse</span> <span class='ocrx_word' id='word_1_141' title='bbox 510 2197 586 2242; x_wconf 89' lang='lat' dir='ltr'>eam</span> <span class='ocrx_word' id='word_1_142' title='bbox 598 2175 826 2243; x_wconf 88' lang='lat' dir='ltr'>necessarium</span> <span class='ocrx_word' id='word_1_143' title='bbox 841 2184 907 2261; x_wconf 89' lang='lat' dir='ltr'>est,</span> <span class='ocrx_word' id='word_1_144' title='bbox 933 2185 1053 2242; x_wconf 89' lang='lat' dir='ltr'>utnon</span> <span class='ocrx_word' id='word_1_145' title='bbox 1068 2174 1193 2258; x_wconf 89' lang='lat' dir='ltr'>omitti,</span> <span class='ocrx_word' id='word_1_146' title='bbox 1220 2174 1282 2242; x_wconf 88' lang='lat' dir='ltr'>sed</span> 
     </span>
     <span class='ocr_line' id='line_1_20' title="bbox 168 2276 1281 2369; baseline -0.002 -21"><span class='ocrx_word' id='word_1_147' title='bbox 168 2301 238 2348; x_wconf 90' lang='lat' dir='ltr'>nou</span> <span class='ocrx_word' id='word_1_148' title='bbox 251 2277 411 2369; x_wconf 88' lang='lat' dir='ltr'>ponenda</span> <span class='ocrx_word' id='word_1_149' title='bbox 425 2301 500 2346; x_wconf 87' lang='lat' dir='ltr'>esse</span> <span class='ocrx_word' id='word_1_150' title='bbox 523 2277 667 2346; x_wconf 89' lang='lat' dir='ltr'>dicenda</span> <span class='ocrx_word' id='word_1_151' title='bbox 681 2279 731 2345; x_wconf 87' lang='lat' dir='ltr'>sit</span> <span class='ocrx_word' id='word_1_152' title='bbox 783 2278 903 2367; x_wconf 86' lang='lat' dir='ltr'>ltaque</span> <span class='ocrx_word' id='word_1_153' title='bbox 919 2299 1022 2367; x_wconf 90' lang='lat' dir='ltr'>quum</span> <span class='ocrx_word' id='word_1_154' title='bbox 1038 2276 1163 2344; x_wconf 82' lang='lat' dir='ltr'>utrovis</span> <span class='ocrx_word' id='word_1_155' title='bbox 1175 2277 1281 2346; x_wconf 91' lang='lat' dir='ltr'>modo</span> 
     </span>
     <span class='ocr_line' id='line_1_21' title="bbox 169 2380 1281 2470; baseline -0.003 -19"><span class='ocrx_word' id='word_1_156' title='bbox 169 2384 336 2451; x_wconf 90' lang='lat' dir='ltr'>absonum</span> <span class='ocrx_word' id='word_1_157' title='bbox 355 2381 412 2466; x_wconf 89' lang='lat' dir='ltr'>sit,</span> <span class='ocrx_word' id='word_1_158' title='bbox 438 2381 596 2448; x_wconf 89' lang='lat' dir='ltr'>omissam</span> <span class='ocrx_word' id='word_1_159' title='bbox 613 2380 680 2446; x_wconf 93' lang='lat' dir='ltr'>dici</span> <span class='ocrx_word' id='word_1_160' title='bbox 696 2381 913 2470; x_wconf 86' lang='lat' dir='ltr'>particulam,</span> <span class='ocrx_word' id='word_1_161' title='bbox 938 2380 1122 2448; x_wconf 80' lang='lat' dir='ltr'>videndum</span> <span class='ocrx_word' id='word_1_162' title='bbox 1140 2403 1185 2448; x_wconf 91' lang='lat' dir='ltr'>an</span> <span class='ocrx_word' id='word_1_163' title='bbox 1208 2391 1281 2449; x_wconf 89' lang='lat' dir='ltr'>ter-</span> 
     </span>
     <span class='ocr_line' id='line_1_22' title="bbox 169 2483 1280 2575; baseline 0 -22"><span class='ocrx_word' id='word_1_164' title='bbox 169 2486 217 2554; x_wconf 86' lang='lat' dir='ltr'>tia</span> <span class='ocrx_word' id='word_1_165' title='bbox 232 2483 400 2575; x_wconf 86' lang='lat' dir='ltr'>quaedam</span> <span class='ocrx_word' id='word_1_166' title='bbox 419 2484 505 2550; x_wconf 89' lang='lat' dir='ltr'>ratio</span> <span class='ocrx_word' id='word_1_167' title='bbox 522 2484 746 2571; x_wconf 87' lang='lat' dir='ltr'>relinquatur,</span> <span class='ocrx_word' id='word_1_168' title='bbox 773 2507 840 2574; x_wconf 92' lang='lat' dir='ltr'>qua</span> <span class='ocrx_word' id='word_1_169' title='bbox 857 2485 930 2552; x_wconf 92' lang='lat' dir='ltr'>iure</span> <span class='ocrx_word' id='word_1_170' title='bbox 950 2484 1017 2551; x_wconf 92' lang='lat' dir='ltr'>dici</span> <span class='ocrx_word' id='word_1_171' title='bbox 1036 2484 1145 2575; x_wconf 88' lang='lat' dir='ltr'>possit</span> <span class='ocrx_word' id='word_1_172' title='bbox 1161 2485 1280 2553; x_wconf 80' lang='lat' dir='ltr'>omitti</span> 
     </span>
     <span class='ocr_line' id='line_1_23' title="bbox 169 2585 1281 2678; baseline 0.001 -23"><span class='ocrx_word' id='word_1_173' title='bbox 169 2588 234 2656; x_wconf 85' lang='lat' dir='ltr'>Est</span> <span class='ocrx_word' id='word_1_174' title='bbox 253 2608 334 2655; x_wconf 83' lang='lat' dir='ltr'>vero</span> <span class='ocrx_word' id='word_1_175' title='bbox 353 2587 410 2654; x_wconf 88' lang='lat' dir='ltr'>ita.</span> <span class='ocrx_word' id='word_1_176' title='bbox 461 2587 552 2654; x_wconf 91' lang='lat' dir='ltr'>Nam</span> <span class='ocrx_word' id='word_1_177' title='bbox 567 2585 689 2655; x_wconf 90' lang='lat' dir='ltr'>mutari</span> <span class='ocrx_word' id='word_1_178' title='bbox 708 2589 904 2657; x_wconf 83' lang='lat' dir='ltr'>sententiam</span> <span class='ocrx_word' id='word_1_179' title='bbox 917 2610 1023 2678; x_wconf 89' lang='lat' dir='ltr'>quum</span> <span class='ocrx_word' id='word_1_180' title='bbox 1035 2586 1195 2677; x_wconf 87' lang='lat' dir='ltr'>dicimus,</span> <span class='ocrx_word' id='word_1_181' title='bbox 1222 2598 1281 2656; x_wconf 89' lang='lat' dir='ltr'>aut</span> 
     </span>
     <span class='ocr_line' id='line_1_24' title="bbox 169 2689 1281 2784; baseline -0.002 -24"><span class='ocrx_word' id='word_1_182' title='bbox 169 2691 272 2784; x_wconf 89' lang='lat' dir='ltr'>plane</span> <span class='ocrx_word' id='word_1_183' title='bbox 284 2690 378 2759; x_wconf 85' lang='lat' dir='ltr'>uliud</span> <span class='ocrx_word' id='word_1_184' title='bbox 393 2689 475 2780; x_wconf 90' lang='lat' dir='ltr'>quid</span> <span class='ocrx_word' id='word_1_185' title='bbox 489 2689 603 2759; x_wconf 89' lang='lat' dir='ltr'>dicere</span> <span class='ocrx_word' id='word_1_186' title='bbox 615 2712 710 2776; x_wconf 88' lang='lat' dir='ltr'>eum,</span> <span class='ocrx_word' id='word_1_187' title='bbox 734 2691 792 2780; x_wconf 91' lang='lat' dir='ltr'>qui</span> <span class='ocrx_word' id='word_1_188' title='bbox 807 2691 973 2781; x_wconf 86' lang='lat' dir='ltr'>loquitur,</span> <span class='ocrx_word' id='word_1_189' title='bbox 999 2689 1196 2776; x_wconf 90' lang='lat' dir='ltr'>iudicamus,</span> <span class='ocrx_word' id='word_1_190' title='bbox 1221 2701 1281 2759; x_wconf 91' lang='lat' dir='ltr'>aut</span> 
     </span>
     <span class='ocr_line' id='line_1_25' title="bbox 168 2794 1279 2887; baseline 0 -24"><span class='ocrx_word' id='word_1_191' title='bbox 168 2795 260 2863; x_wconf 92' lang='lat' dir='ltr'>idem</span> <span class='ocrx_word' id='word_1_192' title='bbox 275 2795 430 2885; x_wconf 89' lang='lat' dir='ltr'>quidem,</span> <span class='ocrx_word' id='word_1_193' title='bbox 456 2795 518 2863; x_wconf 85' lang='lat' dir='ltr'>scd</span> <span class='ocrx_word' id='word_1_194' title='bbox 532 2818 610 2863; x_wconf 93' lang='lat' dir='ltr'>cum</span> <span class='ocrx_word' id='word_1_195' title='bbox 629 2794 696 2862; x_wconf 85' lang='lat' dir='ltr'>levi</span> <span class='ocrx_word' id='word_1_196' title='bbox 712 2794 825 2884; x_wconf 89' lang='lat' dir='ltr'>aliquo</span> <span class='ocrx_word' id='word_1_197' title='bbox 841 2804 876 2862; x_wconf 88' lang='lat' dir='ltr'>et</span> <span class='ocrx_word' id='word_1_198' title='bbox 897 2794 992 2882; x_wconf 90' lang='lat' dir='ltr'>quod</span> <span class='ocrx_word' id='word_1_199' title='bbox 1007 2816 1074 2861; x_wconf 90' lang='lat' dir='ltr'>uorr</span> <span class='ocrx_word' id='word_1_200' title='bbox 1093 2795 1210 2887; x_wconf 82' lang='lat' dir='ltr'>magni</span> <span class='ocrx_word' id='word_1_201' title='bbox 1221 2818 1279 2863; x_wconf 90' lang='lat' dir='ltr'>re-</span> 
     </span>
     <span class='ocr_line' id='line_1_26' title="bbox 169 2897 1280 2988; baseline 0 -22"><span class='ocrx_word' id='word_1_202' title='bbox 169 2899 257 2967; x_wconf 88' lang='lat' dir='ltr'>ferat</span> <span class='ocrx_word' id='word_1_203' title='bbox 270 2898 458 2966; x_wconf 85' lang='lat' dir='ltr'>discrimine</span> <span class='ocrx_word' id='word_1_204' title='bbox 472 2898 594 2967; x_wconf 90' lang='lat' dir='ltr'>dicere.</span> <span class='ocrx_word' id='word_1_205' title='bbox 646 2897 695 2965; x_wconf 90' lang='lat' dir='ltr'>Et</span> <span class='ocrx_word' id='word_1_206' title='bbox 708 2897 776 2965; x_wconf 90' lang='lat' dir='ltr'>hcc</span> <span class='ocrx_word' id='word_1_207' title='bbox 796 2898 933 2988; x_wconf 90' lang='lat' dir='ltr'>quidem</span> <span class='ocrx_word' id='word_1_208' title='bbox 945 2921 1051 2987; x_wconf 93' lang='lat' dir='ltr'>quum</span> <span class='ocrx_word' id='word_1_209' title='bbox 1065 2898 1122 2984; x_wconf 92' lang='lat' dir='ltr'>fit,</span> <span class='ocrx_word' id='word_1_210' title='bbox 1148 2906 1186 2965; x_wconf 87' lang='lat' dir='ltr'>ut</span> <span class='ocrx_word' id='word_1_211' title='bbox 1199 2921 1280 2966; x_wconf 88' lang='lat' dir='ltr'>serr-</span> 
     </span>
     <span class='ocr_line' id='line_1_27' title="bbox 168 3001 1280 3092; baseline -0.002 -22"><span class='ocrx_word' id='word_1_212' title='bbox 168 3004 273 3071; x_wconf 84' lang='lat' dir='ltr'>tentia</span> <span class='ocrx_word' id='word_1_213' title='bbox 293 3010 429 3070; x_wconf 88' lang='lat' dir='ltr'>maneat</span> <span class='ocrx_word' id='word_1_214' title='bbox 446 3001 585 3088; x_wconf 90' lang='lat' dir='ltr'>eadem,</span> <span class='ocrx_word' id='word_1_215' title='bbox 609 3023 800 3092; x_wconf 90' lang='lat' dir='ltr'>parumque</span> <span class='ocrx_word' id='word_1_216' title='bbox 824 3002 970 3086; x_wconf 88' lang='lat' dir='ltr'>intersit,</span> <span class='ocrx_word' id='word_1_217' title='bbox 1002 3010 1114 3068; x_wconf 90' lang='lat' dir='ltr'>utrum</span> <span class='ocrx_word' id='word_1_218' title='bbox 1134 3001 1280 3068; x_wconf 88' lang='lat' dir='ltr'>addatur</span> 
     </span>
     <span class='ocr_line' id='line_1_28' title="bbox 149 3104 1278 3191; baseline -0.001 -18"><span class='ocrx_word' id='word_1_219' title='bbox 149 3130 212 3173; x_wconf 57' lang='lat' dir='ltr'>‘arr</span> <span class='ocrx_word' id='word_1_220' title='bbox 235 3105 424 3191; x_wconf 84' lang='lat' dir='ltr'>omittatur,</span> <span class='ocrx_word' id='word_1_221' title='bbox 456 3113 531 3172; x_wconf 92' lang='lat' dir='ltr'>tum</span> <span class='ocrx_word' id='word_1_222' title='bbox 552 3127 634 3173; x_wconf 88' lang='lat' dir='ltr'>vero</span> <span class='ocrx_word' id='word_1_223' title='bbox 653 3113 746 3172; x_wconf 88' lang='lat' dir='ltr'>recte</span> <span class='ocrx_word' id='word_1_224' title='bbox 768 3105 882 3173; x_wconf 89' lang='lat' dir='ltr'>licebit</span> <span class='ocrx_word' id='word_1_225' title='bbox 902 3104 1059 3172; x_wconf 88' lang='lat' dir='ltr'>omissam</span> <span class='ocrx_word' id='word_1_226' title='bbox 1079 3104 1155 3172; x_wconf 87' lang='lat' dir='ltr'>dici.</span> <span class='ocrx_word' id='word_1_227' title='bbox 1206 3105 1278 3172; x_wconf 92' lang='lat' dir='ltr'>lta-</span> 
     </span>
     <span class='ocr_line' id='line_1_29' title="bbox 168 3207 1278 3301; baseline -0.002 -24"><span class='ocrx_word' id='word_1_228' title='bbox 168 3231 237 3299; x_wconf 91' lang='lat' dir='ltr'>que</span> <span class='ocrx_word' id='word_1_229' title='bbox 251 3207 340 3276; x_wconf 91' lang='lat' dir='ltr'>hanc</span> <span class='ocrx_word' id='word_1_230' title='bbox 362 3230 498 3276; x_wconf 87' lang='lat' dir='ltr'>omnem</span> <span class='ocrx_word' id='word_1_231' title='bbox 520 3207 779 3301; x_wconf 87' lang='lat' dir='ltr'>disputationem</span> <span class='ocrx_word' id='word_1_232' title='bbox 796 3207 830 3274; x_wconf 90' lang='lat' dir='ltr'>in</span> <span class='ocrx_word' id='word_1_233' title='bbox 846 3207 929 3276; x_wconf 87' lang='lat' dir='ltr'>duas</span> <span class='ocrx_word' id='word_1_234' title='bbox 945 3215 1060 3299; x_wconf 87' lang='lat' dir='ltr'>partes</span> <span class='ocrx_word' id='word_1_235' title='bbox 1078 3207 1278 3294; x_wconf 83' lang='lat' dir='ltr'>dividemus,</span> 
     </span>
     <span class='ocr_line' id='line_1_30' title="bbox 169 3311 1278 3404; baseline -0.001 -23"><span class='ocrx_word' id='word_1_236' title='bbox 169 3335 311 3402; x_wconf 92' lang='lat' dir='ltr'>quarum</span> <span class='ocrx_word' id='word_1_237' title='bbox 325 3312 360 3378; x_wconf 91' lang='lat' dir='ltr'>in</span> <span class='ocrx_word' id='word_1_238' title='bbox 380 3312 494 3403; x_wconf 88' lang='lat' dir='ltr'>priore</span> <span class='ocrx_word' id='word_1_239' title='bbox 517 3311 561 3380; x_wconf 90' lang='lat' dir='ltr'>de</span> <span class='ocrx_word' id='word_1_240' title='bbox 582 3312 750 3404; x_wconf 89' lang='lat' dir='ltr'>particula</span> <span class='ocrx_word' id='word_1_241' title='bbox 769 3311 958 3380; x_wconf 87' lang='lat' dir='ltr'>necessario</span> <span class='ocrx_word' id='word_1_242' title='bbox 977 3311 1119 3398; x_wconf 88' lang='lat' dir='ltr'>omissa,</span> <span class='ocrx_word' id='word_1_243' title='bbox 1140 3312 1161 3382; x_wconf 91' lang='lat' dir='ltr'>i.</span> <span class='ocrx_word' id='word_1_244' title='bbox 1181 3334 1211 3381; x_wconf 91' lang='lat' dir='ltr'>e.</span> <span class='ocrx_word' id='word_1_245' title='bbox 1233 3334 1278 3380; x_wconf 90' lang='lat' dir='ltr'>ne</span> 
     </span>
    </p>
   </div>
   <div class='ocr_carea' id='block_1_3' title="bbox 167 3414 1277 3590">
    <p class='ocr_par' dir='ltr' id='par_1_3' title="bbox 167 3414 1277 3590">
     <span class='ocr_line' id='line_1_31' title="bbox 167 3414 1277 3507; baseline 0 -23"><span class='ocrx_word' id='word_1_246' title='bbox 167 3414 328 3507; x_wconf 90' lang='lat' dir='ltr'>ponenda</span> <span class='ocrx_word' id='word_1_247' title='bbox 350 3415 508 3506; x_wconf 89' lang='lat' dir='ltr'>quidem,</span> <span class='ocrx_word' id='word_1_248' title='bbox 534 3416 570 3484; x_wconf 90' lang='lat' dir='ltr'>iu</span> <span class='ocrx_word' id='word_1_249' title='bbox 593 3417 699 3485; x_wconf 90' lang='lat' dir='ltr'>altera</span> <span class='ocrx_word' id='word_1_250' title='bbox 718 3415 848 3484; x_wconf 88' lang='lat' dir='ltr'>deuon</span> <span class='ocrx_word' id='word_1_251' title='bbox 866 3416 1054 3484; x_wconf 87' lang='lat' dir='ltr'>necessaria</span> <span class='ocrx_word' id='word_1_252' title='bbox 1079 3416 1149 3484; x_wconf 88' lang='lat' dir='ltr'>eius</span> <span class='ocrx_word' id='word_1_253' title='bbox 1171 3414 1277 3484; x_wconf 91' lang='lat' dir='ltr'>omis-</span> 
     </span>
     <span class='ocr_line' id='line_1_32' title="bbox 168 3519 1051 3590; baseline -0.008 -2"><span class='ocrx_word' id='word_1_254' title='bbox 168 3519 434 3590; x_wconf 81' lang='lat' dir='ltr'>sionedicemus.</span> <span class='ocrx_word' id='word_1_255' title='bbox 1046 3544 1051 3553; x_wconf 92' lang='lat'>·</span> 
     </span>
    </p>
   </div>
   <div class='ocr_carea' id='block_1_4' title="bbox 678 3723 754 3794">
    <p class='ocr_par' dir='ltr' id='par_1_4' title="bbox 678 3723 754 3794">
     <span class='ocr_line' id='line_1_33' title="bbox 678 3723 754 3794; baseline 0.026 -3"><span class='ocrx_word' id='word_1_256' title='bbox 678 3723 754 3794; x_wconf 87' lang='lat' dir='ltr'><strong>XII.</strong></span> 
     </span>
    </p>
   </div>
   <div class='ocr_carea' id='block_1_5' title="bbox 168 3873 1275 4067">
    <p class='ocr_par' dir='ltr' id='par_1_5' title="bbox 168 3873 1275 4067">
     <span class='ocr_line' id='line_1_34' title="bbox 168 3873 1275 3967; baseline -0.002 -22"><span class='ocrx_word' id='word_1_257' title='bbox 168 3874 234 3946; x_wconf 90' lang='lat' dir='ltr'>De</span> <span class='ocrx_word' id='word_1_258' title='bbox 257 3874 521 3948; x_wconf 77' lang='lat' dir='ltr'>indicativo</span> <span class='ocrx_word' id='word_1_259' title='bbox 547 3876 797 3967; x_wconf 79' lang='lat' dir='ltr'>particula</span> <span class='ocrx_word' id='word_1_260' title='bbox 829 3873 1075 3949; x_wconf 69' lang='lat' dir='ltr'>dccclxiv</span> <span class='ocrx_word' id='word_1_261' title='bbox 1108 3896 1275 3944; x_wconf 83' lang='lat' dir='ltr'>oeces-</span> 
     </span>
     <span class='ocr_line' id='line_1_35' title="bbox 545 3996 885 4067; baseline 0.009 -3"><span class='ocrx_word' id='word_1_262' title='bbox 545 3997 676 4067; x_wconf 82' lang='lat' dir='ltr'>scric</span> <span class='ocrx_word' id='word_1_263' title='bbox 704 3996 885 4067; x_wconf 85' lang='lat' dir='ltr'>omissa.</span> 
     </span>
    </p>
   </div>
   <div class='ocr_carea' id='block_1_6' title="bbox 168 4128 1276 4358">
    <p class='ocr_par' dir='ltr' id='par_1_6' title="bbox 168 4128 1276 4358">
     <span class='ocr_line' id='line_1_36' title="bbox 246 4128 1275 4227; baseline 0.002 -26"><span class='ocrx_word' id='word_1_264' title='bbox 246 4128 426 4224; x_wconf 63' lang='lat' dir='ltr'>vulgaris</span> <span class='ocrx_word' id='word_1_265' title='bbox 448 4141 499 4201; x_wconf 91' lang='lat' dir='ltr'>est</span> <span class='ocrx_word' id='word_1_266' title='bbox 530 4135 665 4226; x_wconf 90' lang='lat' dir='ltr'>opinio,</span> <span class='ocrx_word' id='word_1_267' title='bbox 697 4135 804 4204; x_wconf 83' lang='lat' dir='ltr'>verba</span> <span class='ocrx_word' id='word_1_268' title='bbox 830 4131 1013 4225; x_wconf 84' lang='lat' dir='ltr'>quaedam,</span> <span class='ocrx_word' id='word_1_269' title='bbox 1053 4139 1092 4200; x_wconf 92' lang='lat' dir='ltr'>ut</span> <span class='ocrx_word' id='word_1_270' title='bbox 1121 4128 1275 4227; x_wconf 77' lang='grc' dir='ltr'><strong><em>ὤφελον,</em></strong></span> 
     </span>
     <span class='ocr_line' id='line_1_37' title="bbox 168 4234 1276 4358; baseline -0.009 -46"><span class='ocrx_word' id='word_1_271' title='bbox 168 4238 337 4332; x_wconf 73' lang='grc' dir='ltr'>ἔμελλον,</span> <span class='ocrx_word' id='word_1_272' title='bbox 370 4234 496 4332; x_wconf 74' lang='grc' dir='ltr'><strong><em>ἐχρῆν,</em></strong></span> <span class='ocrx_word' id='word_1_273' title='bbox 529 4237 622 4324; x_wconf 81' lang='grc' dir='ltr'><strong><em>ἔδει,</em></strong></span> <span class='ocrx_word' id='word_1_274' title='bbox 648 4237 842 4337; x_wconf 64' lang='lat' dir='ltr'>accesisse,</span> <span class='ocrx_word' id='word_1_275' title='bbox 869 4245 904 4306; x_wconf 90' lang='lat' dir='ltr'>et</span> <span class='ocrx_word' id='word_1_276' title='bbox 926 4237 1008 4358; x_wconf 81' lang='lat' dir='ltr'>alia,</span> <span class='ocrx_word' id='word_1_277' title='bbox 1035 4257 1150 4304; x_wconf 85' lang='lat' dir='ltr'>carere</span> <span class='ocrx_word' id='word_1_278' title='bbox 1172 4256 1276 4327; x_wconf 89' lang='lat' dir='ltr'>posse</span> 
     </span>
    </p>
   </div>
   <div class='ocr_carea' id='block_1_7' title="bbox 0 0 1464 4890">
    <p class='ocr_par' dir='ltr' id='par_1_7' title="bbox 0 0 1464 4890">
     <span class='ocr_line' id='line_1_38' title="bbox 0 0 1464 4890; baseline 0 3"><span class='ocrx_word' id='word_1_279' title='bbox 0 0 1464 4890; x_wconf 95' lang='lat' dir='ltr'> </span> 
     </span>
    </p>
   </div>
  </div>
 </body>
</html>
