2918 4890
564 295 648 355 ΗΒ.
673 295 694 359 l.
740 295 834 356 (λλΡ.
857 300 907 362 12.
1251 306 1296 370 m

180 503 375 574 repugnare
394 482 535 565 forsitan
555 484 723 553 videbitur
738 485 792 573 iis,
820 509 908 575 quae
924 487 1206 578 supradiximus,
1233 486 1308 561 „hp

97 627 99 631 ι
180 583 297 652 addita
314 586 356 654 sit
369 587 550 677 particula,
578 589 778 656 contrarium
800 588 929 681 opponi
945 577 1056 681 posse.
1108 594 1188 664 Non
1203 597 1290 664 enim

180 690 315 778 opponi
331 697 466 780 potest,
493 685 577 763 οἷλλ’Ι
596 687 640 763 ου’
654 685 846 786 βοόλομαι.
901 691 959 760 Sic
980 693 1080 761 etiam
1100 695 1135 762 in
1157 697 1289 790 Vespis‚

179 813 286 884 qnpm
299 792 488 884 Bdely'oleo
505 793 655 881 dixisset,

596 943 798 1042 κιθαρίζειν
822 939 893 1043 yolo
921 942 990 1033 ουίιΙ
1015 948 1227 1039 ἐπίσταται,

178 1096 365 1187 respondet
381 1121 413 1168 v.
427 1095 513 1166 060.
540 1096 732 1184 Philoclen,

282 1242 352 1340 ἐμω
377 1245 412 1321 δ
438 1245 692 1346 ἐβουλόμην
667 1277 713 1322 αν
733 1245 817 1323 οόδέ
842 1244 1055 1345 γράμματα.

176 1401 425 1470 Demosthenes
446 1403 595 1495 Philipp.
613 1404 668 1470 l
659 1426 694 1470 m
709 1403 777 1471 fine
798 1425 832 1493 p
849 1397 911 1488 54,
932 1401 992 1470 29.
1021 1397 1284 1532 ἐβουλόμηνδ

176 1502 235 1584 οἷν,
265 1531 377 1597 ωςιιερ
395 1502 455 1578 ὅτι
470 1504 558 1598 ὑμῖν
575 1507 752 1601 συμφέρει
768 1532 815 1577 τοι
808 1499 1052 1597 βέλτιστοι
1029 1499 1175 1578 ανοόειν
1191 1504 1284 1591 οἶδα,

155 1603 293 1692 Ιοὕτως
321 1608 454 1680 εἰδέναι
485 1614 651 1680 συνοῖσον
685 1607 744 1679 ναὶ
770 1606 823 1701 τῷ
848 1635 895 1679 τοι
887 1600 1093 1728 βέλτιστα
1127 1603 1283 1682 εἰπόντι·

122 1790 125 1796 ‚
175 1708 299 1804 πολλῷ
318 1735 387 1832 γαρ
404 1739 449 1783 αν
463 1708 615 1806 ηδιον
581 1736 700 1783 ειιιον
727 1706 884 1782 νῦνδ’
867 1737 910 1782 επ
919 1703 1087 1805 όδηλοις
1108 1706 1285 1794 οιλσιτοῑς

175 1805 253 1883 αἰιο
273 1805 414 1884 cotenu
438 1814 586 1936 ἐμαυνηῖ
604 1816 871 1910 γενησομένοις,
908 1809 1003 1902 ὅμως
1017 1812 1074 1884 ἐπὶ
1096 1812 1149 1906 τῷ
1164 1815 1284 1887 συνοί

175 1940 254 1986 σειν
275 1911 382 2007 όμΐν,
408 1909 472 1988 ἐοέν
493 1910 674 2013 πράξητε,
701 1915 821 1989 ταῦτα
842 1920 1061 2002 πεπεῖσθαι,
1088 1885 1203 2006 λέγειν
1230 1924 1284 1989 αἱ-

174 2015 323 2138 ροῦμαι.
349 2012 764 2110 AeschinesinCtesiph.
750 2041 786 2109 p.
796 2011 882 2084 506.
898 2011 1000 2106 (505.
1014 2011 1048 2109 6.
1059 2015 1143 2084 115.
1152 2017 1283 2109 Bekk.)

122 2202 125 2208 .
174 2117 218 2190 ὂν
241 2113 491 2216 ἐβουλόμην
466 2149 512 2193 αν
537 2121 721 2194 πολλῶν”
700 2148 801 2194 ενειιοι
830 2117 902 2206 ζῆν.
954 2118 1121 2187 Scilicet
1112 2142 1148 2187 m
1165 2119 1284 2189 huius·
1384 2143 1392 2158 ·

172 2220 268 2289 modi
282 2223 365 2290 locis
387 2219 635 2322 ἐβουλόμην
610 2250 655 2296 αν
677 2231 842 2316 potestate
860 2220 952 2288 idem
977 2230 1029 2289 est
1053 2221 1163 2310 qnod,
1196 2221 1284 2293 bene

173 2333 280 2414 esset,
307 2326 362 2392 eui
376 2335 469 2394 reete
485 2327 677 2418 opponitur,
705 2336 830 2397 atnoe
843 2323 931 2393 bene
944 2333 1009 2398 est.
1053 2324 1283 2408 Quare-etiam

171 2428 284 2497 Latini
298 2429 427 2498 vellem
441 2429 565 2498 dicunt.
605 2429 753 2498 Omnino
768 2439 881 2497 autem
894 2426 1088 2518 videndum,
1114 2435 1161 2515 nt,
1188 2429 1283 2519 qnod

173 2553 309 2622 quoque
325 2533 359 2600 in
372 2533 450 2600 looo
459 2533 655 2625 oppositum
672 2533 813 2626 cogitari
829 2523 963 2616 debeat,
973 2526 1070 2600 ¹recte
1087 2552 1282 2624 cognosea-

171 2643 243 2721 tm,
269 2635 330 2703 nisi
342 2637 430 2705 male
442 2637 583 2729 intelligi
598 2636 695 2705 huius
711 2647 745 2705 et
758 2637 912 2705 similium
924 2635 1107 2703 verborum
1118 2637 1281 2704 rationem

173 2738 336 2807 volumus.
362 2739 408 2808 vt
422 2739 539 2830 qnod
529 2763 564 2808 m
578 2739 730 2832 Gorgiae
742 2739 935 2808 defensione
948 2736 1136 2804 Palamedis
1149 2761 1183 2829 p.
1194 2738 1270 2806 113

172 2838 251 2931 (68.
280 2837 403 2964 621
429 2841 560 2934 Bekk.)
543 2844 832 2965 )scriptnmest.
864 2837 924 2912 ὅτι
945 2841 1029 2961 μέν
1042 2865 1108 2911 ουν
1128 2836 1259 2912 ovd
1234 2869 1281 2913 αν

171 2937 376 3041 ἐβουλόμην
393 2945 595 3043 προδοῦναι
612 2973 680 3042 την
694 2938 865 3066 Ἑλλόδοι,
892 2935 955 3014 διοέ
976 2970 1049 3014 των
1065 2945 1280 3037 προειρημέ-

171 3073 243 3118 νων
258 3047 446 3119 δέδεικται.
498 3048 726 3117 Vehementer
743 3049 832 3117 enim
854 3053 998 3130 erraret,
1025 3045 1082 3133 qni
1103 3066 1280 3136 opponere

170 3149 297 3234 vellet,
323 3145 405 3222 α’λλ
423 3145 628 3246 ἐβουλόμην
644 3151 845 3246 προδοῦναι
863 3149 910 3216 εἰσ
933 3147 1136 3238 simpliciter.
1189 3149 1279 3215 Nam

171 3261 225 3320 est
236 3251 321 3319 illud
346 3253 484 3342 quidem
506 3254 637 3345 ipsum,
663 3253 724 3322 sed
746 3276 788 3321 ex
807 3273 954 3343 persona
967 3249 1146 3317 adversarii
1164 3274 1278 3342 oppo-

170 3355 285 3422 situm:
312 3349 464 3446 ἐβούλου
481 3357 699 3452 π’ροδοῦναιτ
725 3366 779 3442 ut,
806 3356 833 3422 si
854 3376 895 3420 ex
914 3353 1017 3442 ipsius
1033 3353 1173 3419 oratoris
1194 3377 1277 3443 per-

170 3479 253 3525 sona
268 3452 516 3548 oppositionem
533 3460 645 3527 faeere
659 3459 751 3544 velis,
778 3455 958 3524 dicendum
973 3456 1023 3538 sit,
1048 3454 1177 3523 videor
1185 3478 1277 3546 pro-

170 3560 261 3628 dere
283 3561 449 3634 voluisse.
501 3562 555 3629 Ex
581 3562 633 3629 his
656 3570 826 3654 apparet,
867 3557 936 3625 hoo
971 3558 1110 3646 quidem
1141 3558 1174 3623 in
1200 3559 1278 3624 loco

169 3663 270 3753 plane
290 3663 457 3733 diversam
479 3666 571 3733 nasei
585 3667 791 3750 sententiam,
816 3663 843 3730 si
861 3659 906 3734 όν
928 3669 1152 3730 removeatur.
1189 3662 1278 3727 Nam

168 3764 283 3833 addita
297 3769 476 3887 particula·
480 3770 577 3852 dicit,
602 3768 852 3837 nevolor'ssem
870 3763 1016 3856 quidem
1030 3763 1218 3855 prodere,
1246 3764 1280 3832 si

165 3869 384 3961 potuissem
410 3871 533 3938 omissa
556 3882 684 3977 autem,
710 3896 756 3941 ne
771 3868 867 3940 volui
885 3867 1054 3959 quidem,
1083 3888 1191 3957 quom
1206 3889 1279 3960 po
1287 3928 1290 3937 .

94 4031 97 4039 ,
168 3973 308 4044 tuerint.

270 4075 341 4144 Sed
365 4076 470 4144 multo
494 4077 590 4144 latius
611 4085 708 4168 patet
728 4073 814 4142 haec
836 4071 938 4155 ratio,
971 4093 1081 4159 neque
1099 4071 1205 4138 ullum
1228 4051 1279 4136 est

166 4177 318 4264 verbum,
344 4178 389 4245 ad
400 4179 573 4269 qnodnon
587 4180 761 4270 pertineat
791 4178 880 4257 Nam
897 4173 1043 4256 omnino,
1072 4175 1277 4260 ubicumque

164 4302 234 4348 non
249 4290 362 4374 potest
380 4283 584 4351 eontrarium
603 4282 744 4415 opponi,
769 4287 863 4347 recte
882 4277 978 4344 abest
994 4276 1170 4367 particula
1198 4275 1276 4340 An-

987 4391 1071 4461 Ε2
