2918 4890
167 241 210 303 se
506 235 563 295 σε
596 201 942 295 ειιιιιοιιεσι

168 434 345 510 σθωνται,
372 422 454 517 περί
471 423 541 496 τοῦ
556 421 719 501 πλείονος
733 415 989 514 σίντιλίγοντες.
1040 419 1093 488 lta
1111 420 1189 490 libri
1204 423 1285 513 qni-

168 527 260 614 dam,
284 535 388 612 recte,
414 536 451 593 ut
469 525 550 593 mihi
568 526 710 596 videtur.
765 526 833 593 Alii
846 526 1002 592 omittunt
1018 521 1080 595 ἄν·
1108 525 1201 615 sihi,
1228 527 1283 595 in-
1352 526 1357 537 ”

169 631 261 721 quit,
289 629 451 721 remiges
469 628 634 698 habituri
652 627 811 722 fuissent
834 629 948 696 mutto
965 627 1186 711 deteriores,
1212 653 1285 698 ιισιι

167 734 300 802 mirum
324 731 434 825 soret.
494 731 629 802 Omiss'o
662 729 731 814 ἄν,
765 733 913 816 diceret,
946 731 978 800 si
1008 731 1047 798 hi
1072 731 1285 804 habuissent

169 837 331 930 remiges
348 835 570 906 deteriores:
596 842 634 902 nt
652 837 850 931 oppositum
868 834 968 920 foret,
996 843 1044 904 ut*
1055 858 1128 904 πσιι
1145 835 1285 929 habue-

169 949 256 1010 runt
270 939 482 1010 deteriores.
535 940 582 1008 At
593 939 784 1009 habuerunt
798 939 846 1006 illi
859 938 966 1005 nullos
980 939 1125 1006 omnino.
1164 938 1284 1031 Itaque

170 1052 314 1136 apparet
330 1040 512 1133 duplicem
531 1043 640 1110 inesse
667 1043 915 1125 conditionem,
950 1048 1004 1130 ut,
1037 1064 1140 1131 quum
1166 1044 1284 1131 altera,

170 1148 249 1236 quie
269 1148 303 1215 in
316 1147 499 1238 principali
514 1147 676 1214 sententia
691 1146 737 1219 σίν
754 1156 821 1226 est,
848 1167 964 1211 carere
980 1168 1021 1212 ea
1035 1146 1200 1236 particula
1215 1170 1287 1238 po..

170 1250 288 1332 tuerit,
322 1250 427 1315 altera
450 1271 525 1316 eam
547 1249 706 1336 requirat.
759 1249 865 1316 Plene
887 1247 977 1314 enim
997 1249 1110 1315 omnia
1131 1249 1159 1315 si
1180 1249 1285 1336 dicas,

170 1352 258 1420 haee
271 1351 432 1418 habebis:
459 1350 492 1417 si
505 1350 561 1418 illi
578 1348 790 1419 habuissent
805 1348 984 1440 remiges,
1009 1349 1200 1442 mensuret
1215 1351 1286 1419 mi·

172 1477 255 1523 rum
261 1507 276 1543 ,
303 1452 336 1523 si
358 1451 396 1520 hi
417 1452 579 1544 remiges
603 1453 806 1523 deteriores
820 1450 995 1544 fuissent.
1048 1453 1144 1520 Aiter
1164 1454 1287 1522 modus

173 1566 234 1642 est,
261 1578 365 1645 quum
379 1556 414 1622 in
426 1554 603 1647 principali
617 1557 782 1624 sententia
796 1578 863 1622 non
879 1556 967 1622 inest
980 1555 1128 1623 conditio
1139 1579 1208 1625 non
1219 1559 1282 1624 im·

172 1660 275 1753 pieta.
309 1658 398 1726 Nam
413 1658 443 1726 si
453 1667 525 1726 tum
540 1680 610 1725 non
627 1658 671 1726 ad
686 1662 721 1731 εἰ
731 1658 914 1726 adderetur
928 1655 985 1743 uir,
1012 1660 1157 1728 nescires
1172 1670 1283 1728 utrunr

174 1763 218 1830 de
235 1785 273 1830 re
287 1784 368 1828 vere
383 1761 490 1845 facta,
516 1784 559 1828 an
575 1760 618 1828 de
639 1763 789 1854 cogitata
802 1782 914 1830 sermo
931 1769 1028 1832 esset.
1080 1762 1283 1832 Demosthe-

173 1889 234 1934 nes
256 1864 301 1933 ad
321 1864 534 1956 Τιιιιοιδιρ.
562 1861 674 1949 1201,
696 1864 756 1961 18.
784 1866 826 1938 εἰ
854 1890 980 1936 τοινυν
997 1891 1112 1938 τουτο
1136 1858 1283 1984 ἰσχυρόν

174 1968 226 2040 σίν
252 1964 303 2066 ἦν
330 1963 448 2062 τούτῳ
450 1961 576 2088 ιπρός
587 1960 940 2087 ῦμῦςτειιμήρισν,
952 1963 1013 2039 ὅτι
1039 1967 1195 2050 ἐξεδίδου
1217 1960 1283 2040 τόν
1322 2050 1324 2053 ,

172 2068 406 2191 Αἰσχρίωνα,
435 2069 477 2142 δν
502 2069 721 2194 πεμφθῆναί
746 2098 851 2190 φημι
865 2062 940 2142 ῦπῦ
945 2063 1117 2192 υτοῦτου,
1142 2098 1199 2143 ιιαι
1194 2070 1284 2142 λα

73 2166 78 2180 ’
173 2179 252 2267 δεῖν
275 2166 340 2254 τοῖς
341 2167 502 2302 n'rpeur'iuc
511 2168 614 2269 παροί
636 2174 706 2247 τσῦ
727 2165 890 2291 πατρός
889 2171 960 2245 τοῦ
987 2172 1101 2267 ἐμοῦ,
1135 2173 1191 2246 καί
1216 2165 1284 2260 τήν

173 2276 271 2368 μνῦν
286 2275 356 2348 τοῦ
344 2272 546 2399 α’ργυρίσυ
563 2276 817 2374 δανείσασθαι,
843 2269 955 2366 ιιῦμοί
975 2276 1134 2368 γενεσθω
1153 2268 1285 2370 τεκμη-

174 2406 258 2473 ρισν
281 2371 373 2496 πρός
391 2375 484 2470 ῦμῦς
506 2375 565 2451 ὅτι
589 2373 757 2460 συνειδός
774 2404 824 2470 μιν
818 2374 969 2474 σῖληθῆ
993 2379 1210 2470 ἐγκαλοῦντα
1239 2373 1284 2451 οῦ

175 2480 297 2574 τολμᾷ
327 2473 393 2551 τόν
414 2477 621 2574 Αἰσχρίωνα
630 2481 885 2603 παραδοῦναι.
945 2481 1193 2573 Dinarchusp.
1223 2479 1284 2550 39.

176 2605 249 2672 seq.
280 2579 383 2711 (1189.
410 2579 601 2673 Bekk.)
567 2610 622 2655 ειτ
670 2579 714 2655 06
740 2575 879 2660 δεινόν.
915 2578 944 2655 τῦ
965 2579 1187 2709 Ἀθηναῖρι,
1222 2586 1286 2673 εἰ,

111 2696 114 2702 ’
176 2682 319 2777 ὅτιμὲν
336 2683 385 2765 εἷς
401 2678 492 2781 6669
514 2687 622 2810 ἔφησε
642 2684 816 2808 Πιστίας,
837 2681 1140 2813 Λρεοπαγίτης
1111 2714 1172 2775 ων,
1199 2681 1286 2759 α’δι-

175 2793 251 2861 mir
269 2815 337 2882 με,
364 2793 690 2911 καταψευδσμενος
694 2785 816 2881 ιιιίμσῦ
829 2787 887 2860 ιιαί
901 2815 965 2885 της
977 2790 1176 2885 βουλῆς,
1157 2813 1287 2880 ισχυ·

178 2917 253 2964 σεν
280 2889 331 2962 ῦυ
357 2918 402 2963 το
394 2884 556 2984 ψεῦδος
579 2891 643 2986 τῆς
666 2887 839 3012 ἀληθείας
861 2890 1028 3020 μῦλλρν,
1048 2891 1105 2965 uui
1135 2886 1197 2965 δισί
1218 2885 1287 2987 τήν

178 2989 375 3066 οίσθενιίαν
397 2987 465 3088 την
482 2988 570 3066 τότε
589 2992 649 3064 ιιαί
664 2987 732 3088 την
747 2992 912 3117 ἐρημίαν
921 2987 990 3090 τήν
1010 2987 1099 3092 ε’μην
1115 2990 1288 3069 δπιστεῦ-

178 3104 298 3191 θησαν
332 3099 372 3166 αἱ
406 3122 484 3222 αρτ
522 3095 615 3215 ἐμοῦ
643 3099 788 3222 ηευδείς
809 3089 1022 3190 γιγνόμεναι
1048 3096 1288 3189 ιιατασιιευαίς

179 3197 216 3266 8ἰ
236 3197 389 3281 dixisset,
413 3193 484 3269 εἶτ
505 3225 548 3271 ου
540 3192 727 3271 ’‘*dstr6u
702 3228 747 3271 αν
765 3195 830 3294 ἦν,
858 3199 1053 3268 omittere
1030 3201 1122 3274 auin
1141 3223 1288 3290 sequen-

177 3300 264 3369 tibus
295 3247 473 3372 debuisset.
526 3301 703 3395 Antiphon
729 3325 764 3430 ρ.
787 3300 873 3370 78⁰.
904 3301 981 3392 (88.
904 3298 1043 3398 (.§
1072 3302 1133 3377 29
1155 3302 1288 3394 Bekk.)
1371 3348 1377 3357 κ

178 3402 299 3476 καίτοι
328 3395 467 3493 δεινόν,
503 3433 545 3476 ει
574 3411 610 3478 oi
630 3401 736 3477 αῦτοί
758 3404 837 3531 pir,
852 3396 1035 3504 μιίρτυρες
1056 3401 1203 3486 τούτοις
1234 3402 1289 3478 6u

177 3505 449 3632 μαρτυροῦντες
480 3506 606 3579 πιστοί
639 3503 769 3636 6⁰66,
819 3505 900 3599 ἐμοί
931 3509 969 3582 δὲ
999 3508 1292 3638 μαρτυροῦντες,

180 3605 330 3681 ἄπιστοι
345 3609 509 3728 ἔσρνται·
537 3607 596 3680 rui
615 3613 658 3681 εἰ
670 3610 738 3698 μὲν
754 3602 850 3682 ποίνυ
867 3603 921 3734 μη
934 3613 1177 3731 παρεγίνοντο
1190 3603 1291 3740 μοίρ-

179 3735 298 3805 τυρες,
327 3715 394 3803 ἐγω
386 3703 449 3783 δὲ·
472 3704 762 3839 παρειχόμην
789 3739 842 3783 αν
848 3767 862 3802 ,
891 3709 1015 3808 ἢτοῦς
1026 3714 1290 3840 παραγενομέ-

181 3838 262 3891 νσυς
278 3806 332 3909 μη
354 3808 600 3934 παρειχόμην,
629 3815 774 3909 ετέρους
793 3816 835 3886 δι’
847 3842 971 3904 τινας,
1003 3809 1147 3897 εἰκότως
1173 3815 1226 3889 σίν
1254 3821 1291 3888 οἱ

179 3906 321 3986 τοῦτον
343 3909 445 4006 λόγοι
476 3910 689 4008 πιστότεροι
716 3911 831 4004 ἦσαν
857 3917 929 3988 τῦν
961 3919 1057 4012 ε’μοῦν
1079 3911 1290 4014 μαρτύρων

180 4014 412 4084 ΗσοιιιΙοσυ
443 4020 543 4086 ambo
573 4019 684 4103 modi,
721 4016 908 4108 dequibus
941 4020 1091 4110 dictum,
1123 4021 1292 4090 coniuncti

179 4127 262 4195 sunt.
314 4119 403 4186 Nam
418 4121 524 4186 illa
490 4150 520 4194 ει
535 4116 680 4209 τούτοις
696 4117 742 4190 ἄν
757 4123 1041 4252 μαρτυροῦντες
1045 4123 1168 4196 πιστοί
1183 4119 1291 4247 6066,

180 4231 213 4289 et
232 4224 267 4294 εί
287 4213 430 4344 ειίιότως
453 4223 499 4293 ἄν
520 4216 734 4319 πιστότεροι
758 4217 849 4318 ἦσαν
874 4228 947 4299 mir
965 4228 1061 4321 ίμῦν
1081 4220 1291 4326 μαρτύρων,
1331 4281 1336 4290 -
