2918 4890
563 1139 566 1146 ¹
664 1142 739 1245 Π

408 1304 1008 1425 ΑΕεοΗΗῙ

100 1576 104 1583 ·
211 1513 1197 1624 onouurunosouvuo

515 1743 893 1817 orssanrruroe)

604 2001 810 2014 -u——a

151 2196 224 2299 De
245 2203 408 2320 Aeschyli
426 2227 638 2297 Prometheis
654 2217 1006 2296 contentionemaiore
1021 2251 1123 2318 quam
1136 2229 1281 2311 fructu3

21 2383 23 2387 ν
154 2333 361 2424 disputatum
375 2355 458 2418 esse,
483 2333 570 2399 inter
583 2355 699 2400 omnes
714 2340 850 2399 constat.
891 2333 980 2399 Nam
993 2354 1099 2423 quum
1113 2341 1146 2400 et
1160 2332 1257 2424 lgni-

152 2437 263 2504 ferum
277 2434 519 2503 Prometheum
533 2445 568 2502 ct
583 2435 740 2502 Vinctum
750 2445 784 2502 et
798 2434 954 2504 Solutum
970 2435 1161 2526 Aeschylus
1176 2435 1256 2502 scri·

152 2539 274 2631 pserit,
306 2539 393 2606 visus
424 2548 475 2606 est
507 2537 765 2606 Hemstcrhusio
796 2536 841 2604 ad
869 2537 1045 2606 Pollucem
1075 2539 1135 2606 lx.
1173 2535 1255 2604 156.

153 2665 288 2710 omnem
311 2641 485 2709 historiam
504 2640 700 2709 Promethei
724 2641 829 2707 tribus
850 2641 1033 2732 tragoediis
1064 2664 1138 2708 esse
1159 2663 1256 2708 com-

152 2747 281 2838 plexus.
334 2745 442 2812 Aliter
457 2753 616 2812 statuerat
634 2743 679 2816 G.
698 2742 861 2811 canterus
876 2744 964 2811 Nov.
983 2745 1091 2811 Lectt.
1105 2742 1179 2810 vll.
1193 2741 1255 2815 21.

153 2848 211 2938 qui
225 2847 466 2916 Prometheum
482 2839 673 2941 πυρφόρον
692 2854 725 2913 et
745 2845 926 2940 πυρκαέα,
953 2869 1041 2935 quae
1059 2846 1123 2913 fuit
1143 2845 1258 2912 fabula

153 2952 314 3042 satyrica,
340 2973 444 3020 uuum
465 2948 692 3038 eumdemque
709 2971 782 3017 esse
804 2948 955 3039 putabat.
1006 2949 1128 3040 Nuper
1142 2947 1258 3015 Hem-

154 3053 308 3122 sterhusii
337 3053 498 3122 sententia
522 3052 661 3120 defensa
682 3061 749 3138 cst,
774 3051 820 3118 ita
845 3050 1003 3141 quidem,
1028 3061 1067 3118 ut
1090 3059 1157 3118 tres
1180 3051 1257 3119 illae

153 3155 350 3247 tragoediae
376 3178 444 3222 una
467 3156 571 3224 fuisse
598 3155 731 3247 trilogia
760 3152 957 3222 coniunctae
985 3153 1256 3246 perhiberentur.

155 3257 260 3342 Quod
280 3279 439 3324 verumne
462 3281 504 3325 an
531 3259 653 3326 falsum
678 3258 738 3341 sit,
765 3255 911 3323 dubitari
940 3257 1177 3343 vehementer,
1211 3256 1258 3323 ad
1377 3331 1378 3334 Ἴ

153 3359 317 3450 liquidum
331 3359 475 3450 perduci
489 3360 543 3427 vix
556 3368 680 3453 potest.
731 3359 864 3427 lnterea
887 3381 1013 3450 operae
1029 3360 1176 3453 pretium
1196 3369 1257 3445 est,

155 3465 270 3554 quoin
283 3472 370 3531 statu
387 3485 441 3531 res
457 3462 498 3530 sit
513 3485 738 3556 cognoscere,
764 3469 801 3529 ut
821 3461 856 3529 iu
872 3463 1063 3556 arripiendo
1080 3462 1257 3559 cupiditas,

51 3602 52 3610 ¹
153 3568 187 3636 iu
200 3565 380 3635 reiiciendo
394 3565 563 3634 temeritas
578 3573 740 3638 arceatur.

256 3669 296 3736 ln
313 3669 423 3739 indice
443 3669 634 3738 fabularum
651 3661 812 3758 Aeschyli
834 3675 901 3736 tres
924 3667 1118 3736 Ptomethei
1136 3689 1257 3734 nume-

153 3779 278 3861 rantur,
307 3766 503 3869 δεσμώτης,
531 3764 728 3869 πυρφόρος,
753 3764 938 3860 induerer.
990 3772 1044 3839 Ex
1056 3778 1257 3862 argumento

153 3876 335 3944 Persarum
352 3885 562 3968 compertum
576 3875 763 3959 habemus,
788 3873 964 3958 Phineum,
990 3873 1121 3959 Persas,
1148 3872 1259 3941 Glau-

155 4001 232 4047 cum
248 3978 473 4067 Potuienscm,
498 3977 740 4048 Prometheum
754 4000 821 4047 uua
835 3974 1013 4068 tetralogia
1029 3976 1257 4067 comprehen-

240 4253 647 4363 nmmum·
