2918 4890
519 242 883 312 muraenula
1101 197 1109 205 ’
1212 192 1277 311 rar

267 434 324 506 Ob
340 433 496 505 eamdem
506 459 658 506 caussam
673 442 733 509 ἵνα
747 446 787 506 ut
804 460 824 505 a
840 434 959 526 probis
974 435 1194 527 scriptoribus
1206 459 1274 506 nou

164 541 314 632 iungitur
336 541 461 611 futuro.
512 541 602 608 Nam
623 541 668 608 ad
685 541 885 631 particulam
903 548 996 606 certa
1017 540 1085 607 loci
1104 541 1274 632 siguifica-

162 646 254 713 tione
268 643 458 734 praeditam
474 644 501 710 si
517 645 618 712 etiam
632 644 727 711 verbi
740 643 860 712 modus
874 642 1026 710 delinitus
1040 643 1181 730 accedit,
1207 645 1274 712 tol-

163 749 243 816 litur
258 748 385 814 consilii
406 747 549 834 notatio,
576 749 716 836 solaque
735 755 891 815 remanet
909 746 1026 813 relatio
1045 747 1146 814 factit
1174 743 1274 842 δεῦρ’

163 847 248 930 ἔλθ’
266 842 505 943 ἵναιιλαύοει,
532 850 604 920 huc
616 851 714 936 vani,
741 849 802 920 obt
819 847 883 921 tibi
899 847 1050 918 dabitur
1062 851 1208 918 malum.

271 987 369 1070 Quae
396 987 625 1075 coniunctivi„
646 987 766 1057 eadem
788 987 874 1056 ratio
896 996 947 1055 est
966 989 1123 1079 optativi:
1149 989 1275 1057 narnis

167 1089 250 1158 nihil
272 1098 323 1156 est
338 1089 400 1156 nisi
414 1091 588 1158 conversio
603 1091 803 1178 coniunctivi
816 1092 850 1159 in
864 1081 965 1157 alium
981 1092 1120 1159 modum
1134 1100 1278 1184 propter

170 1193 354 1261 orationem
374 1192 556 1280 obliquam.
610 1195 714 1284 Atqui
727 1193 821 1285 quod
841 1202 934 1261 recta
954 1196 1105 1263 oratione
1127 1195 1195 1263 dici
1214 1198 1283 1264 ue-'

170 1297 260 1388 quit,
286 1319 328 1364 ne
342 1296 376 1363 in
392 1296 565 1385 obliquam
581 1297 718 1387 quidem
732 1305 848 1389 potest
862 1299 1020 1366 converti.

272 1433 431 1501 Diuersus
448 1434 491 1501 ab
510 1434 577 1502 hoc
598 1458 725 1526 genere
742 1436 768 1503 is
790 1435 957 1525 optativus
974 1442 1041 1524 est,
1068 1435 1126 1524 qui
1145 1444 1279 1504 nonest

170 1537 327 1606 orationis
344 1537 520 1627 obliquae,
546 1537 607 1605 sed
622 1540 697 1630 ipse
720 1561 786 1629 per
804 1561 839 1604 se
857 1559 934 1604 curn
952 1539 1120 1628 particula
1135 1536 1181 1609 ἄν
1195 1560 1279 1606 οοιι-

169 1641 423 1811 ἰὶιᾶοῑιμεθιόοεεε
451 1641 533 1732 quid
560 1641 634 1710 fieri
664 1642 845 1736 significata
872 1648 909 1708 ut
935 1641 1030 1733 apud
1060 1641 1280 1711 Theocritum

671 1937 738 2026 ε’γω
730 1927 796 2008 da'
804 1959 865 2006 τοι
877 1925 1104 2030 ηγεμονεύσω

277 2029 415 2108 αὖλιν
397 2061 430 2114 ες
446 2029 692 2131 ἤμεεέρην,’
672 2065 732 2110 ινα
745 2063 805 2110 νιεν
820 2037 1020 2129 τέτμοιμεν
1037 2033 1196 2110 ἄνακτα

45 2239 57 2249 “
174 2224 195 2290 i.
216 2245 243 2292 ε.
261 2220 347 2291 oti·
334 2221 551 2291 unveniemos
564 2243 703 2316 regem.

279 2325 351 2395 Sed
366 2325 548 2394 dicendum
560 2326 628 2394 iam
647 2327 692 2396 de
706 2326 885 2418 exemplis,
912 2326 1042 2416 siquae
1062 2327 1283 2420 reperiuntur,
1383 2414 1389 2429 Ι
1409 2396 1422 2417 .‚

177 2435 236 2502 ἵνα
252 2438 293 2500 ut
308 2429 521 2522 significantis
546 2452 624 2499 cum
639 2431 849 2499 coniunctim
865 2439 900 2499 et
911 2431 1076 2522 particula
1090 2430 1136 2503 oio
1148 2430 1284 2501 haben·
1307 2430 1313 2475 7
1401 2434 1410 2479 ²·
1427 2440 1445 2479 ”·

164 2535 274 2626 tibus.
327 2536 380 2601 Ac
400 2534 512 2625 primo
529 2556 597 2602 non
619 2544 669 2604 est
693 2532 851 2625 dubium,
878 2533 978 2625 quin,
994 2532 1032 2604 ¹si
1051 2536 1219 2626 particula
1239 2535 1285 2608 ἄν

177 2637 223 2704 ad
240 2635 331 2704 aliud
346 2638 549 2705 vocabulum
566 2640 750 2730 pertineat,
777 2639 814 2706 id
833 2640 962 2708 nullum
982 2639 1218 2708 constructioni
1232 2639 1298 2716 af-,

177 2741 265 2808 ferat
275 2740 400 2810 vitium
452 2741 504 2808 lta
516 2741 610 2833 apud
623 2741 812 2810 Homerum
829 2740 898 2838 Od.
890 2769 957 2837 ..μ
974 2737 1060 2809 156.

283 2924 396 3001 ἀλλ”
379 2928 465 3023 ερέω
481 2929 584 3021 μέν’
566 2923 635 3022 ayor'
642 2983 656 3018 ‚
684 2934 744 3002 ἱνα
758 2923 931 3010 ειδοεες
907 2957 928 3026 η
947 2955 987 3002 ιιε
1002 2922 1195 3023 θάνωμεν,

282 3029 307 3127 ἥ
321 3059 380 3105 νεν
396 3026 614 3126 ἀλευάμενοι
630 3027 798 3106 θάνατον
811 3031 870 3106 ναὶ
885 3032 978 3137 adpo
996 3024 1186 3129 φύγοιμεν

181 3222 270 3291 Nam
280 3247 319 3293 ιιε
331 3219 800 3312 parbculameprcadrctrone
809 3220 854 3288 ad
864 3221 973 3289 solum
987 3218 1171 3316 q'pertinet,
1196 3189 1290 3312 quod
1352 3223 1353 3226 ’

182 3347 225 3394 ex
248 3321 272 3421 ἦ
299 3332 510 3393 asseverante
538 3333 674 3412 natum,
707 3324 853 3413 aliquam
875 3323 973 3392 huius
996 3325 1063 3392 vim
1094 3334 1220 3415 servat,
1253 3334 1292 3395 ut
1412 3395 1414 3398 Α

183 3427 386 3512 Gennanice
402 3451 466 3519 per
486 3427 584 3496 wohl
604 3437 699 3497 etroa
715 3427 856 3519 exprimi
878 3428 994 3520 possit.
1043 3427 1205 3496 Eiusdem
1224 3451 1291 3520 ge-

182 3532 269 3600 neris
285 3530 354 3598 hoc
367 3539 417 3599 est
434 3529 673 3599 Demosthenis
690 3540 808 3599 contra
822 3531 971 3624 Aristog.
985 3530 1010 3598 Ι.
1024 3554 1061 3622 p
1077 3529 1165 3617 780,
1183 3529 1219 3604 Ἰ.
1232 3531 1292 3600 ubi

183 3634 340 3702 Reiskius
364 3657 406 3703 ex
426 3622 558 3702 duobus
581 3634 682 3706 codd.
704 3635 793 3728 Aug
811 3635 932 3724 quibus
949 3634 1089 3702 accedit
1100 3634 1292 3705 Parisieusis

184 3760 268 3806 uuus
284 3737 378 3830 apud
391 3737 600 3826 Bekkcrum,
617 3737 738 3808 edidit.
765 3736 819 3818 εἰς
836 3734 872 3811 δ’
890 3733 1292 3817 οὐνᾶνείςὸσονδυνα-

185 3833 253 3913 πόν
277 3834 418 3937 φεύγοι,
434 3869 495 3914 ιιαι
518 3869 585 3914 πον
602 3841 734 3931 ἔχοντα
750 3833 888 3938 ταύτην
904 3832 1063 3914 εἰιποδων
1086 3834 1293 3936 ποιήσαιτο,
1333 3846 1336 3851 ’

185 3949 247 4016 ἵνα
260 3939 387 4042 μηδ”
362 3972 408 4016 αν
428 3942 524 4016 ἄνων
543 3940 639 4040 αὐτῇ
657 3944 748 4017 ποτε
767 3943 948 4040 περιπέσῃ.
1001 3941 1292 4014 DelevitBekke-
1347 4025 1354 4032 ‚

186 4068 242 4114 rus
256 4045 302 4119 ἄν
323 4069 402 4114 cum
420 4047 559 4116 caeteris
582 4048 695 4135 libris,
722 4047 785 4116 sed
802 4045 892 4115 nihil
903 4045 1015 4115 obstat
1034 4047 1115 4137 quin
1134 4055 1292 4137 servetur,

186 4151 267 4240 quia
282 4150 327 4218 ad
342 4151 413 4218 sola
427 4151 533 4219 verba
545 4147 636 4246 μηδ’
656 4148 702 4223 ἄν
717 4148 812 4224 ἄνων
824 4151 980 4242 pertinet.
1034 4149 1215 4220 Caeterum
1231 4173 1294 4219 ne·
1403 4224 1406 4230 A

188 4254 258 4328 scio
277 4279 322 4325 au
341 4279 384 4325 eo
410 4256 488 4325 loco
509 4261 661 4347 praestet
683 4255 871 4352 περιπέσοι
892 4254 1010 4341 scribi,
1042 4254 1113 4322 sive
1141 4251 1294 4344 addatur,
