2918 4890
425 300 721 363 INGREDlBlLlVM
744 300 856 360 LIBER
876 299 1028 361 PRIMVS.
1215 304 1280 369 866

174 490 339 559 loecismis
363 490 421 610 qui
442 487 509 557 hac
535 490 664 582 pagina
686 497 883 578 tractantur,
910 489 1006 558 aliter
1025 490 1149 560 sentio·
1175 505 1275 583 puta·

172 595 337 684 bamque,
374 593 401 660 si
422 602 510 661 esset
535 591 592 661 hic
616 595 850 676 soloecismus,
883 593 1011 662 facilius
1042 616 1120 662 eum
1153 597 1277 689 expelli

172 720 290 789 posse
316 719 344 764 sr
333 693 614 765 scriberetur
585 723 630 778 uc
649 695 703 796 τίς
722 689 906 796 α’ποτλήης
929 695 1053 787 qnod
1036 720 1144 788 genus
1159 722 1275 767 emen-

172 799 273 867 dandi
300 799 572 868 commendatum
598 807 649 868 est
673 822 709 891 p
734 799 794 868 73.
854 799 990 867 Scilicet
1017 800 1186 891 displicuit
1209 803 1275 870 cri-

172 904 244 971 ticis
265 904 297 971 in
310 903 406 971 Pauli
421 903 665 995 epigrammate
683 901 759 984 uui,
785 925 897 992 neque
916 902 1098 972 immerito.
1125 905 1187 972 sed
1208 927 1276 974 non

172 1005 328 1074 viderunt
358 1006 526 1074 lenissima
553 1029 594 1073 ac
617 1029 708 1099 pene
736 1007 827 1073 nulla
850 1007 1056 1075 correctione
1086 1030 1275 1099 pronomen

173 1110 361 1199 encliticam
383 1133 456 1178 esse
477 1109 728 1177 restituendum.
779 1108 1004 1202 Epigramma
1021 1109 1089 1178 lroc
1105 1119 1171 1180 est.

272 1254 451 1355 uuiduuoi
490 1262 559 1355 μὲν
603 1261 783 1356 Σαπφοῦς
824 1290 873 1335 τα
917 1256 1130 1360 φιλήματα,
1173 1271 1270 1358 μαλ-

722 1356 824 1437 θαααῖ
845 1364 981 1456 γυίων

336 1467 525 1560 πλέγματα
552 1467 719 1556 morior,
743 1459 922 1559 uuidere?
946 1460 1068 1541 πάντα
1092 1469 1199 1589 μέλη·

274 1563 374 1666 ψυχή
399 1565 435 1643 d
451 1574 487 1653 ἐξ
513 1563 723 1661 ἀδάμαντος
744 1565 932 1650 cinaediae
969 1566 1058 1665 ἄχρι
1089 1563 1159 1666 γαρ
1188 1572 1273 1644 οἴων

337 1671 435 1745 ἐστὶν
462 1673 548 1766 ἔρως
574 1664 786 1764 στομάτων,
814 1669 927 1745 τᾶλλα
955 1674 994 1744 di
1019 1671 1275 1772 παρθενίηςα

273 1772 336 1846 καί
365 1801 422 1856 τις
454 1770 655 1883 α’τοτλαίης
690 1767 786 1865 τάχα
811 1801 887 1863 τις,
924 1768 1021 1866 τάχα
1055 1774 1168 1848 τοῦτο
1199 1804 1270 1848 τα-

719 1871 867 1957 toioouc

335 1977 447 2075 δίψαν
478 1978 688 2076 Tusculiue
713 1971 887 2075 τλήσεται
914 1975 1104 2077 εὐμαρέως.

171 2114 223 2185 Et
237 2114 350 2210 serat
374 2115 445 2186 hoo
472 2111 694 2210 quisquam?

271 2266 429 2338 XXXIV
472 2271 511 2340 P.
537 2267 623 2338 100
656 2268 856 2459 ,fictorum
887 2267 1027 2362 siquis
1058 2268 1106 2338 de
1132 2290 1271 2339 cunone

169 2372 239 2440 hoo
272 2372 480 2463 syntectico
502 2371 614 2466 sorte
648 2362 679 2441 d

722 2370 787 2442 itet
849 2373 984 2443 audiat
1016 2395 1120 2465 quem
1156 2367 1308 2441 uelles

168 2474 275 2544 uisam
268 2475 572 2545 callidissimum
586 2474 713 2570 fuisse
726 2498 830 2545 uemo
843 2498 988 2570 uegure
999 2476 1118 2596 ausit,
1147 2498 1268 2568 queru-
1250 2477 1321 2548 -24

170 2599 238 2670 que
266 2577 504 2648 Hermuuuus
528 2602 631 2649 meus
654 2579 784 2649 uellem
809 2580 1027 2668 audivisset,
1048 2578 1269 2674 priusquam

170 2680 351 2750 Aduotot.
374 2683 428 2753 ad
462 2681 584 2776 Vigor,
605 2707 644 2777 p.
672 2681 760 2756 724.
814 2682 1127 2758 Brona-rumsseu
1146 2683 1271 2776 potius
1325 2756 1329 2765 ,

154 2783 399 2872 nauatam,
433 2780 501 2859 τότ
531 2785 654 2859 ταῦτα
682 2785 742 2858 κατ’
767 2786 925 2859 τοιαῦτα
959 2784 1093 2880 ἄριστα
1119 2784 1270 2858 κανονί-

169 2913 307 2966 ouran,
341 2887 543 2958 animosior
577 2911 689 2981 quam
708 2887 875 2983 felicior
895 2881 1164 2984 ἀνταγωνιστής
1197 2887 1269 2956 ad-

69 3026 72 3031 >
169 2990 354 3081 oriretur,
396 2991 529 3061 audiat
571 2991 690 3085 igitur
728 2991 848 3085 ursum
891 2992 999 3060 deum
1041 2990 1269 3084 Delphicum.

80 3177 83 3181 .
172 3092 377 3163 oraculum
399 3094 580 3187 Myscello
613 3105 650 3165 et
676 3095 843 3165 Archiae
877 3095 925 3164 de
951 3094 1099 3186 tripode
1129 3094 1269 3179 dutum,

167 3197 471 3373 quoldlggervavit
505 3196 739 3269 Scholiastes
776 3199 831 3268 od
864 3198 1105 3292 Aristophuu.
1141 3196 1267 3290 Equit.

234 3501 244 3512 ,
271 3411 387 3512 χώρας
413 3446 471 3491 και
463 3411 629 3498 πόλεως
655 3411 827 3514 οἰκήτορα
851 3412 984 3491 tuor*
962 3444 1104 3509 εχοττες

271 3516 436 3616 ἧλθετΗ
418 3513 632 3643 αρησόμετοι
661 3522 820 3639 Φοῖβαν,
847 3519 930 3592 τίνα
957 3527 1065 3613 γαῖαν
1091 3526 1228 3616 ἵκησθε.

271 3619 401 3696 ἀλλ”
375 3651 440 3717 oya
474 3616 519 3719 δη
556 3615 734 3719 φράζεσθ
754 3617 906 3714 α’γαθαῖν
938 3616 1096 3719 πότερόν
1129 3649 1189 3694 usu
1226 3625 1267 3694 ἔ-

713 3729 866 3813 λοισθε,
927 3766 930 3770 -

272 3826 473 3904 πλοῦτον
451 3855 546 3918 axam
570 3817 751 3915 aredius,
781 3854 800 3922 η
818 3852 1068 3924 τερτνοτατητ
1085 3821 1268 3919 uyiaruu.“

57 4029 60 4035 ·
167 3979 247 4048 Non
280 3977 368 4047 adeo
400 4002 456 4048 me
488 3979 703 4048 extimescere
735 3977 837 4048 deum
862 3976 1069 4068 Delphicum
1101 3976 1268 4062 dicebam,

168 4104 270 4173 quern
284 4083 359 4175 ipse
382 4083 482 4151 sciret
499 4082 593 4151 haud
610 4082 774 4174 optimum
797 4090 971 4149 auctorem
988 4103 1080 4164 esse,
1112 4090 1147 4149 et
1162 4104 1268 4170 quum

168 4186 233 4252 alia
247 4207 368 4278 parum
389 4184 491 4254 docte
508 4195 610 4276 atque
625 4185 817 4278 eleganter,
842 4193 915 4253 tum
931 4183 1013 4253 illud
1027 4181 1104 4253 satis
1119 4184 1267 4254 insolen-

166 4296 219 4356 ter
242 4287 334 4381 apnd
354 4288 552 4358 Pausaniam
575 4288 617 4357 X.
642 4286 701 4356 18.
729 4287 894 4358 edidisset
