2918 4890
141 1320 143 1324 ⁴
208 1364 290 1451 nu
319 1355 825 1452 ruscnmmomnvs
860 1355 1216 1466 ovrnvsnnu

553 1510 818 1602 eunucis.
836 1513 883 1631 *)

166 2003 189 2104 Ῑ
241 2026 438 2105 lectionibus
464 2035 695 2127 Academicis,
728 2060 813 2127 quas
839 2058 942 2127 super
968 2043 1040 2104 arte
1066 2037 1180 2106 critica
1205 2037 1270 2105 ha-

167 2060 309 2230 bibam,
343 2162 447 2228 quum
467 2137 511 2206 ad
534 2162 613 2207 eum
631 2141 744 2207 locum
762 2139 991 2232 pervenissem
1009 2140 1067 2229 qni
1086 2139 1131 2209 de
1151 2142 1270 2210 inscri-

167 2243 337 2336 ptionibus
356 2243 391 2309 in
415 2243 640 2310 monumentis
662 2251 730 2329 est,
763 2243 955 2331 vellemque
976 2242 1058 2332 quid
1080 2243 1114 2312 in
1135 2266 1178 2312 eo
1206 2268 1270 2337 ge-

168 2370 249 2415 nere
270 2345 518 2413 observandum
545 2355 632 2414 esset
659 2347 816 2438 exemplo
843 2345 955 2434 aliquo
982 2345 1177 2438 ostendere,
1209 2370 1280 2416 ve-·

168 2458 287 2518 nerunt
312 2449 347 2515 in
366 2457 514 2516 mentem
539 2449 707 2517 mirabiles
732 2449 780 2516 ilii
804 2447 1000 2544 ταχείριοι,
1026 2472 1109 2540 quos
1134 2451 1169 2517 in
1188 2473 1271 2518 cen-

169 2575 246 2621 sura
277 2551 441 2645 Syllogae
474 2550 1001 2651 epigrammatumssraecorum
1034 2576 1055 2620 a
1087 2551 1271 2623 Welckero

170 2656 281 2725 editae
301 2657 490 2747 attigeram.
531 2655 634 2723 lstam
659 2655 762 2748 igitur
777 2655 1043 2746 inscriptionem,
1067 2655 1141 2745 (est
1158 2666 1271 2725 autem

168 2781 310 2829 numero
329 2758 524 2849 centesima)
540 2766 728 2848 quamtum
745 2758 853 2825 obiter
867 2781 931 2825 nec
949 2757 993 2824 de
1014 2757 1175 2829 industria
1191 2783 1270 2826 con-

169 2863 404 2950 sideraveram,
430 2861 475 2928 ad
501 2883 580 2929 eum
603 2884 700 2930 usum
726 2860 889 2930 adhibere
915 2860 1080 2950 constitui,
1111 2861 1193 2930 nihii
1214 2882 1271 2930 re-

170 2966 260 3033 ferre
286 2975 396 3051 ratus,
429 2987 488 3033 seu
512 2972 629 3056 posset
659 2987 718 3033 seu
741 2987 808 3032 non
832 2973 950 3055 posset
972 2963 1140 3056 explicari.
1193 2967 1272 3034 Non

172 3069 259 3136 enim
284 3069 362 3136 artis
385 3068 519 3136 criticae
546 3077 660 3136 estex
685 3066 789 3135 nihilo
816 3067 940 3156 aliquid
964 3066 1174 3158 producere,
1211 3068 1272 3137 sed

170 3169 298 3255 videre,
323 3171 472 3262 possitne
498 3170 624 3260 aliquid
645 3193 688 3239 an
706 3193 775 3238 non
794 3170 875 3255 erui,
902 3179 945 3254 et,
971 3172 999 3239 si
1024 3171 1160 3260 aliquid,
1189 3171 1273 3261 quid

169 3272 253 3340 iliud
279 3295 352 3340 esse
377 3296 457 3341 sana
482 3283 516 3343 et
541 3275 654 3343 sobria
678 3273 762 3340 ratio
788 3273 956 3366 probabili
985 3275 1272 3366 argumentatione
1382 3357 1387 3363 ⁸

171 3377 321 3448 evincat·
357 3375 475 3465 ltaque
501 3400 606 3467 quum
630 3376 771 3462 libmm,
806 3399 848 3443 ex
873 3399 942 3466 quo
969 3385 1103 3470 sumpta
1136 3386 1185 3445 est
1216 3377 1272 3444 illa

170 3480 360 3570 inscriptio,
385 3480 497 3570 ipsum
522 3481 740 3572 inspicerem,
766 3478 870 3568 quod,
894 3503 998 3570 quum
1025 3503 1200 3550 censuram
1231 3480 1274 3548 il-

171 3583 239 3649 iam
257 3582 456 3670 scribebam,
484 3591 521 3650 ut
539 3584 683 3651 alienum
705 3606 730 3668 a
753 3582 889 3650 consilio
912 3607 990 3653 meo
1010 3582 1086 3653 non¹
1107 3583 1273 3652 feceram:

171 3685 327 3754 volebam
353 3687 442 3754 enim
465 3685 524 3754 illo
549 3694 702 3779 tempore
729 3685 902 3755 dumtaxat
926 3687 971 3756 de
990 3687 1157 3756 vocabulo
1180 3685 1273 3776 quod

171 3789 369 3858 Welckerns
382 3789 558 3859 invenisset
575 3789 707 3860 dicere:
734 3790 845 3859 stetim
863 3790 1082 3862 animadverti
1101 3790 1271 3880 aliquanto

258 4089 289 4174 *)
312 4078 488 4155 Germanice
506 4094 619 4176 scripta
640 4091 715 4154 haec
737 4092 917 4174 prodierunt
932 4092 964 4152 in
987 4091 1083 4153 lrhnii
1107 4092 1273 4154 Annalibus

173 4201 199 4241 a.
218 4184 311 4246 1829.
333 4179 395 4239 vol.
409 4180 447 4242 11.
466 4181 539 4244 fasc.
552 4181 591 4243 11.
614 4200 645 4260 p.
658 4183 731 4246 209.
747 4198 829 4260 seqq.
849 4187 879 4239 et
898 4179 1065 4244 1830.v01.
1082 4179 1122 4242 11.
1139 4180 1212 4240 fasc,
1226 4178 1274 4242 tv.

172 4286 203 4344 n·
223 4265 296 4332 455.
311 4285 410 4383 reso
