2918 4890
212 255 278 319 m
487 247 1002 308 osflxrnnooun

215 445 320 513 verba
343 440 476 510 suntin
499 441 650 508 oratione
674 449 791 506 contra
815 440 1056 562 Aristocraten
1082 463 1119 533 p
1144 436 1244 528 orl,
1263 438 1338 514 28.

216 550 329 620 τοῦτο
343 543 462 638 μόνον
477 570 522 615 ro
514 535 771 637 draoorr'qror
783 539 865 630 οὐχὶ
878 536 1065 635 τύραννος,
1091 539 1157 616 oda
1167 540 1340 638 dirrup-

217 651 293 741 χία,
319 676 364 721 ov
355 645 604 766 ’δημοκρατία
618 671 683 723 τας
696 670 848 737 qomoec
860 645 959 724 disus
970 641 1175 764 ἀφελέσθαι
1192 641 1335 719 τετόλ-

215 778 350 849 nqueo,
377 742 484 819 otta
485 742 618 826 adnare
635 743 943 873 dodsrs'uoupor'
916 775 963 817 αν
976 774 1022 819 το
1014 743 1181 820 dianeos
1197 746 1336 844 εὑρεῖν

216 853 387 951 ἡγοῦνται
406 851 489 947 περὶ
511 843 653 921 τούτων
668 846 776 920 αὐτοὶ
795 852 867 921 τοῦ
884 875 984 945 παρα
998 844 1146 930 τούτοις
1158 849 1334 949 εὑρημέ-

217 954 449 1028 uovdeaoa'ov
499 951 925 1035 lixcredibilerideatur,
946 953 1332 1046 spernitamlocuple-

215 1072 284 1128 tem
309 1070 430 1126 testem
453 1057 611 1148 poumse.
662 1055 795 1122 Tamen
823 1056 952 1122 tactum
976 1065 1036 1123 est
1087 1058 1176 1124 Nam
1210 1081 1329 1146 quum

215 1163 368 1253 Tayloro
388 1172 526 1228 aucwre
555 1158 719 1226 creditum
744 1169 851 1242 esset,
885 1161 986 1227 etiam
1014 1157 1062 1226 'de
1095 1159 1201 1228 caede
1228 1160 1327 1228 iudi-

215 1265 312 1334 candi
337 1274 539 1357 potestatem
567 1262 764 1352 ademptam
797 1285 872 1330 usse
900 1264 1109 1355 Areopago,
1141 1264 1324 1354 repellen-

210 1369 279 1437 dus
297 1392 369 1436 esse
381 1368 471 1434 visus
486 1375 553 1452 est,
579 1367 637 1455 qui
658 1365 861 1432 contrarium
883 1366 1086 1450 affimuret,
1107 1366 1323 1436 Demosthe-

214 1497 293 1556 nes,
331 1482 503 1559 umquam
533 1471 591 1559 qui
615 1479 951 1560 remeraggerasset
975 1469 1117 1537 ornandi
1138 1470 1322 1564 Areopagi

215 1598 341 1643 caussa
394 1572 501 1657 Quod
521 1595 589 1639 non
610 1573 837 1663 eratprovide
858 1573 1169 1664 circumspecteque
1183 1574 1317 1642 iudica-

214 1690 303 1747 tum:
336 1677 396 1744 sed
417 1677 544 1743 dictum
564 1676 668 1743 semel
684 1677 932 1766 repetitumque
952 1678 997 1744 ab
1021 1677 1112 1763 aliis,
1138 1677 1319 1746 defensum

214 1791 284 1868 est,
318 1783 387 1848 sive
409 1778 504 1869 quod
524 1801 642 1847 verum
671 1801 745 1846 esse
763 1779 978 1869 crederetur,
1003 1781 1091 1865 sive,
1122 1788 1161 1846 ut
1182 1781 1239 1866 tit,
1273 1806 1318 1850 ne

212 1885 382 1976 prolatum
396 1884 567 1950 rideretur
579 1882 674 1971 quod
688 1881 809 1950 falsum
830 1893 926 1952 esset
977 1884 1026 1950 At
1041 1883 1238 1974 priusquam
1259 1909 1319 1952 ar-

152 2056 155 2061 ,
212 1998 394 2082 gumenta,
428 2009 516 2076 quae
537 1985 815 2054 commonendae
836 1987 883 2053 illi
903 1986 1053 2078 opinioni
1073 1996 1203 2073 essent,
1230 2011 1318 2056 oon-

138 2112 147 2127 *
212 2092 438 2180 quirerentrn,
469 2089 652 2157 videndum
672 2100 774 2174 erat,
792 2113 837 2158 ne
859 2090 1055 2182 repudiatus
1075 2099 1163 2157 esset
1181 2091 1317 2159 Demo·
1384 2092 1388 2098 ’

212 2195 345 2263 sthenes
372 2193 658 2261 inconsideratius,
710 2194 800 2260 Nam
822 2193 904 2283 quid
927 2204 978 2262 est
998 2192 1135 2260 tandem
1159 2216 1318 2286 exagge-
1389 2226 1393 2232 ·

212 2298 322 2366 ratio?
346 2297 557 2388 Exaggerari
582 2295 718 2385 quidem
743 2318 811 2363 non
827 2307 957 2389 potest,
983 2295 1078 2385 quod
1093 2297 1222 2364 nullum
1243 2308 1317 2366 est:

211 2401 292 2490 quia
321 2422 409 2488 qnae
435 2421 504 2465 non
530 2409 625 2484 sunt,
656 2422 767 2487 neque
798 2404 917 2492 augeri
940 2409 1083 2492 possunt
1109 2422 1172 2467 nec
1196 2402 1315 2474 minui.

211 2503 327 2588 Quare
352 2502 381 2569 si
408 2500 556 2590 quodam
575 2511 732 2592 tempore
759 2525 828 2570 non
852 2503 971 2570 habuit
996 2511 1197 2594 potestatem
1220 2504 1316 2571 illam

209 2605 423 2698 Areopagus,
448 2604 621 2693 quomodo
636 2628 701 2696 per
712 2608 1007 2698 exaggerationem
1019 2606 1085 2672 dici
1097 2607 1208 2696 potuit
1219 2607 1315 2675 nullo

209 2719 364 2801 tempore
385 2731 453 2776 non
473 2708 656 2776 habuisse?
681 2709 804 2798 Neque
819 2733 901 2778 vero
922 2718 973 2778 est
993 2709 1197 2777 extenuatio:
1223 2734 1315 2799 qnae

211 2813 430 2905 exaggeratio
453 2821 504 2880 est
525 2813 720 2902 exiguitatis.
773 2813 827 2879 Ea
846 2813 984 2903 quidem
1008 2835 1115 2903 qnnm
1134 2835 1239 2902 saepe
1265 2814 1315 2880 ita
1435 2845 1437 2848 ·

210 2917 286 3002 liat,
311 2925 350 2982 ut
361 2914 454 3004 quod
469 2937 590 3007 parum
605 2925 656 2982 ost
673 2915 728 2982 vel
741 2914 913 2984 nihil-esse
929 2918 982 2984 vel
995 2939 1064 2984 non
1082 2937 1155 2982 esse
1171 2914 1314 3001 dicatur,

210 3018 316 3086 videri
331 3026 446 3109 posset
462 3011 710 3089 Demosthenes
724 3040 796 3084 rem
810 3027 1021 3104 extenuasse,
1048 3018 1075 3085 si
1092 3028 1126 3086 et
1150 3017 1314 3109 adempta
1400 3086 1404 3098 ,

209 3121 265 3187 illa
283 3119 407 3188 iudicia
428 3121 614 3211 Areopago
632 3143 696 3210 per
719 3118 823 3188 breve
844 3131 978 3212 tempus
997 3122 1154 3205 fuissent,
1181 3130 1216 3187 et
1236 3122 1313 3211 ipse

211 3232 299 3291 esset
316 3224 411 3290 aliter
430 3225 597 3310 loquutus.
649 3223 697 3290 At
712 3245 835 3291 novem
854 3225 984 3292 circiter
998 3221 1222 3315 Olympiades
1240 3247 1312 3290 non

211 3350 284 3394 esse
303 3327 336 3392 in
357 3327 542 3416 Areopago
559 3324 603 3393 de
625 3326 731 3394 caede
748 3327 930 3394 indicatum
947 3327 1080 3395 volunt:
1102 3325 1311 3394 Demosthe-

211 3453 268 3496 nes
286 3438 398 3495 autem
417 3427 538 3496 diserte
553 3430 646 3496 nullo
660 3431 695 3497 in
711 3438 797 3497 statu
810 3431 859 3498 rei
877 3431 1035 3522 publicae
1050 3429 1235 3497 intermissa
1253 3430 1312 3496 illa

160 3525 338 3599 lSindicia
358 3553 430 3598 esse
456 3531 511 3616 ait,
544 3540 646 3622 atque
670 3557 713 3600 ne
737 3555 854 3602 ausum
882 3533 1020 3623 quidem
1042 3555 1204 3621 nmquam
1234 3555 1312 3609 esse

206 3657 411 3724 quemqnam
425 3633 506 3700 illud
522 3635 702 3702 institutum
724 3645 863 3705 mutare.
915 3638 1012 3729 Ergo
1026 3659 1137 3724 neque
1156 3657 1311 3726 exagge-

206 3738 291 3805 ravit
312 3761 424 3826 neque
448 3738 654 3822 extenuavit,
681 3737 743 3804 sed
764 3740 919 3807 mentitus
938 3749 1007 3825 est,
1034 3738 1223 3828 etquidem
1239 3759 1311 3806 non

125 3917 129 3924 ¹
208 3840 315 3906 solnm
330 3840 637 3933 impudentissime,
664 3863 767 3930 quum
792 3864 928 3923 omnes,
948 3843 1008 3930 qni
1028 3865 1103 3908 eam
1123 3843 1311 3909 orationem

207 3942 405 4028 audiebant,
432 3945 516 4010 falsa
535 3943 601 4010 dici
618 3944 759 4028 scirent,
785 3944 969 4010 sedetiam
995 3945 1202 4032 stultissime,
1228 3945 1311 4032 quia
1374 3955 1378 3960 '

208 4067 250 4114 eo
267 4045 442 4112 mendacio
460 4070 595 4115 caussae
615 4046 681 4134 illi,
707 4047 823 4134 inqua
844 4046 1104 4115 demonstranda
1120 4055 1188 4114 tam
1202 4070 1307 4114 aecn-

205 4158 276 4215 rate
292 4148 492 4234 elaboravit,
520 4158 637 4240 aperte
653 4149 837 4232 nocuisset,
864 4149 955 4216 nulla
973 4150 1169 4241 praesertim
1184 4173 1307 4216 neces-

206 4251 300 4319 sitate
324 4259 361 4318 ut
381 4251 442 4318 ista
463 4251 590 4320 diceret
607 4261 757 4344 urgente.
812 4250 963 4350 Credunt
985 4253 1071 4322 haec
1094 4254 1152 4342 qui
1172 4253 1305 4320 volent:
