2918 4890
221 293 353 358 2⁹8⁸
516 286 586 347 llll
631 286 1032 349 HYPEllBOLE

224 479 285 549 sed
304 478 528 570 hyperbolica
552 478 761 568 comparatio
791 486 861 564 est,
899 501 968 567 qua
995 485 1114 546 natura
1138 476 1344 548 declaratur

121 572 131 587 ’
224 583 365 653 numinis
389 583 475 666 ficti,
509 581 642 671 dequo
667 581 840 648 numinum
860 603 987 674 genere
1009 582 1149 674 egregie
1175 581 1344 652 disseruit

225 685 415 755 Nitzschius
436 685 470 752 in
494 683 701 777 praefatione
723 686 952 752 commentarii
980 685 1014 751 in
1038 682 1251 776 odysseam:
1288 697 1340 774 ut,

226 791 252 858 si
266 799 412 857 mentem
426 784 549 879 poetae
563 786 745 878 simplicius
761 789 933 871 enuncies‚
954 786 1024 855 hoc
1037 787 1093 856 ille
1112 787 1216 856 dicat:
1246 811 1340 857 con-

80 954 91 971 ,
225 894 406 960 tentionem
427 892 579 958 incitasse
603 891 786 979 exercitus,
813 913 900 980 quae
925 913 945 957 a
964 914 1073 983 parvo
1095 890 1185 959 initio
1207 893 1244 959 in
1264 892 1338 960 im·
1386 907 1390 915 '

225 1017 377 1063 mensum
397 994 503 1062 soleat
526 994 662 1085 augeri,
688 1003 743 1080 ut,
770 995 797 1060 si
816 992 999 1060 humanam
1021 994 1169 1085 speciem
1191 993 1335 1082 habeat,

226 1122 268 1167 ea
283 1099 404 1166 sensim
420 1119 616 1165 accrescens
629 1119 709 1165 mox
726 1097 837 1187 capite
853 1098 894 1164 sit
909 1098 1041 1165 caelum
1061 1105 1201 1169 tactura.
1227 1097 1335 1168 Haec

223 1201 361 1292 quidem
381 1200 425 1268 de
449 1201 589 1291 magnis.
642 1199 714 1268 Sed
737 1209 787 1267 est
803 1200 904 1266 edam
929 1199 962 1267 in
985 1201 1129 1269 venustis
1151 1209 1187 1268 et
1204 1201 1332 1292 lepidis

221 1304 434 1396 hyperbolae
452 1303 559 1389 locus',
575 1301 678 1391 idque
702 1324 745 1369 eo
768 1303 886 1393 magis,
908 1324 978 1392 quo
993 1304 1103 1394 magis
1118 1304 1249 1373 lascivit
1267 1328 1332 1374 ex-

223 1408 349 1477 sultans
363 1405 526 1473 hilaritas:
544 1428 632 1494 qnae
646 1427 749 1495 saepe
766 1405 813 1471 ita
828 1405 1022 1492 luxuriatur,
1038 1415 1075 1474 nt
1089 1405 1220 1494 quidvis
1239 1409 1330 1476 arri-

221 1512 303 1601 piat,
317 1510 351 1575 in
367 1506 460 1597 quod
473 1508 637 1598 impetum
651 1530 748 1575 sunm
765 1505 940 1574 effundat*
950 1507 1039 1574 Hinc
1053 1509 1131 1575 illae
1144 1508 1330 1599 hyperbo-

221 1613 285 1697 lae,
308 1611 428 1700 quibus
451 1609 533 1698 quid
546 1610 601 1676 vel
623 1632 738 1676 seeum
757 1610 881 1700 ipsum,
907 1610 962 1677 vel
980 1632 1057 1676 cnm
1071 1611 1138 1678 alio
1151 1613 1328 1702 persimili,

220 1715 276 1782 vel
290 1736 366 1780 cnm
381 1735 520 1803 prorsus
535 1711 684 1779 dissimili
704 1721 927 1803 comparatur.
963 1707 1230 1841 Demetrius’§‘
1235 1713 1327 1789 127

220 1809 273 1888 sd
301 1816 345 1888 dd
372 1815 526 1910 χρυσοῖ
535 1816 814 1942 xpvnordpa
848 1808 895 1887 τό
919 1809 1160 1910 Sanpenoo’
1142 1842 1180 1888 εν
1206 1813 1329 1915 sinep-

219 1917 312 2014 βολῇ
324 1921 466 2010 λέγεται
483 1915 544 1987 καὶ
565 1912 673 2005 αὐτό,
697 1943 756 1990 και
749 1910 967 2005 α’δυνᾶτως,
989 1911 1081 2010 πλην
1103 1913 1214 2040 αὐτῷ
1215 1946 1257 2010 ys
1274 1921 1330 2015 τῷ

220 2013 388 2114 ἀδυνάτῳ
410 2013 517 2115 χάριν
537 2020 629 2108 ἔχει,
653 2015 697 2092 od
719 2012 951 2118 ψυχρότητα
978 2021 998 2092 ὁ
992 2013 1066 2117 δη
1078 2048 1139 2092 και
1130 1992 1328 2112 μάλιστα

220 2092 449 2214 θαυμᾶἆειεν
473 2120 518 2193 ἄν
541 2148 596 2202 τις
609 2122 790 2215 Sanpeus
804 2123 868 2216 τῆς
884 2121 997 2206 θείας,
1024 2121 1085 2195 ὅτι
1108 2115 1215 2218 φύσει
1240 2151 1328 2197 κιν-

219 2219 370 2299 δυνῶδιι
390 2219 581 2319 πράγματι
608 2252 665 2294 και
658 2218 1004 2319 decrescetw'vp’
986 2219 1165 2321 εχρήσατο
1188 2230 1327 2318 ἐπιχα-

219 2328 335 2425 ρίτως.
361 2329 440 2396 Νοιι
460 2336 609 2395 uteretur
627 2327 696 2395 hoc
717 2329 819 2395 iratus
836 2326 1004 2413 Achilles,
1031 2328 1090 2396 nbi
1105 2328 1185 2396 dicit

321 2471 455 2576 κούρην
471 2475 507 2551 d'
526 2475 570 2551 od
584 2479 707 2571 γαμέω
722 2476 1008 2572 Ἀγαμέμνονος.
1133 2524 1138 2543 ·

167 2626 376 2728 161dem§
397 2628 483 2701 162.
498 2630 577 2700 huic
597 2630 693 2699 addit
711 2631 803 2698 aliud
824 2630 1053 2724 sapphicum,
1079 2626 1174 2708 nolli
1193 2633 1324 2708 norvi-

217 2741 278 2816 δος
296 2732 580 2831 ἁδυμελεστέρα,
607 2744 641 2803 et
654 2734 729 2817 illa,
754 2757 842 2822 quae
864 2736 931 2802 iam
953 2759 1058 2827 supra
1071 2759 1324 2807 commemora-

217 2847 326 2926 verat,
359 2835 564 2932 dyaderspoc
590 2830 801 2933 κολοκύντης
825 2847 859 2905 et
889 2835 1159 2960 poioapo'repoc
1185 2836 1320 2922 εὐδίας.

216 2943 255 3010 ln
269 2942 425 3009 oratore
416 2964 488 3008 rure
505 2941 592 3009 haec
606 2941 778 3031 improbat
795 2939 982 3032 Gregorius
1001 2943 1104 3014 Con'
1095 2967 1128 3010 m
1143 2966 1322 3012 commen-

216 3045 300 3113 tario
315 3045 350 3112 in
366 3044 620 3135 Hermogenem
633 3067 667 3136 p.
681 3041 767 3110 914.
783 3043 836 3110 ed.
852 3044 969 3117 Reislr.

244 3160 248 3169 “
316 3147 476 3236 Sequitur
498 3146 643 3236 denique
663 3155 819 3236 quartum
840 3170 967 3238 genus,
993 3146 1087 3236 quod
1109 3155 1160 3214 est
1180 3148 1215 3214 iu
1234 3147 1321 3215 ridi-

216 3251 301 3319 culo.
351 3251 404 3319 Ac
426 3249 603 3318 ridiculum
623 3272 727 3340 quum
756 3250 792 3316 in
812 3273 924 3318 rerum
946 3272 1015 3317 non
1044 3249 1322 3319 consociabilinm

214 3353 446 3421 coniunctione
477 3364 649 3440 cernatur,
683 3375 845 3442 quaeres
877 3363 990 3421 tamen
1020 3353 1219 3439 consociari,
1255 3355 1323 3423 sed

214 3457 278 3522 alio
294 3455 408 3542 modo,
433 3457 613 3547 patiantur,
638 3456 894 3549 perversitatem
906 3455 1321 3547 eliquaminhyperbole,
1341 3514 1347 3529 ,

214 3582 301 3647 quae
315 3559 417 3625 risum
433 3569 577 3649 moveat,
603 3561 711 3627 inesse
728 3568 874 3650 oportet.
926 3559 1035 3627 Huius
1057 3581 1144 3648 quae
1161 3559 1202 3626 sit
1216 3561 1321 3646 ratio,

214 3662 341 3753 optime
362 3671 546 3730 monstrant
566 3664 722 3754 pictores,
749 3685 853 3751 quum
876 3684 937 3729 ora
953 3672 987 3730 et
1002 3663 1127 3730 formas
1140 3660 1321 3731 hominum

213 3766 357 3856 pingunt
372 3775 604 3856 portentosum
619 3765 653 3832 in
666 3763 806 3832 modum
819 3775 1004 3856 porrectas,
1019 3773 1215 3852 contractas,
1243 3766 1320 3834 dis-

213 3875 332 3950 tortae,
359 3868 419 3935 sed
446 3877 485 3936 ut
508 3876 620 3936 tamen
644 3877 678 3935 et
706 3867 835 3959 species
860 3877 994 3936 maneat
1015 3867 1179 3958 humana,
1211 3877 1265 3955 et,
1288 3871 1320 3938 si

214 3978 381 4037 certorum
413 3970 588 4039 hominum
617 3960 744 4037 faciunt
773 3971 954 4063 imagines,
991 3972 1091 4039 etiam
1122 3971 1318 4042 similitudo.

212 4071 324 4139 Multa
333 4071 525 4142 huiusmodi
536 4075 572 4142 in
583 4073 694 4142 Plauti
707 4072 815 4140 Milite
834 4082 973 4158 exstant,
1000 4083 1034 4142 et
1048 4076 1121 4164 quis
1134 4097 1202 4142 non
1217 4077 1318 4144 novit

213 4176 382 4244 celebrata
394 4177 450 4244 illa
462 4175 726 4262 Muuchusiana,
753 4177 810 4266 qui
828 4177 914 4245 liber
930 4177 1002 4245 iere
1019 4187 1109 4245 totus
1135 4178 1317 4247 extalibus

129 4267 135 4279 ’
178 4281 181 4284 ”
211 4289 262 4346 est
284 4278 481 4371 hyperbolis
507 4281 737 4372 compositus?
764 4280 836 4349 Sed
851 4281 992 4349 Luciani
1011 4289 1084 4349 utar
1106 4303 1147 4350 ex
1166 4281 1317 4352 Timone
