2918 4890
205 322 247 389 v1
560 326 961 395 sarsurio.

203 521 295 586 rent:
320 512 382 585 sed
397 536 469 587 noa
482 514 616 589 videtur
630 517 783 590 aventus
799 542 892 609 esse,
916 521 976 611 qui
990 520 1024 591 ei
1039 542 1178 591 massae
1191 528 1310 614 patro

126 734 130 741 ,
202 674 265 723 aas
289 651 410 722 haberi
431 654 545 729 vellet.

303 855 473 952 impressa
490 860 560 929 iam
576 883 619 931 ea
638 858 945 947 dissertatiuncula,
971 879 1061 948 qaae
1080 867 1131 928 est
1145 859 1191 929 <le
1208 884 1307 931 men-

199 1014 278 1061 sura
291 993 464 1086 utriusque
484 995 550 1088 cir,
574 998 700 1068 litteras
716 1020 739 1066 a
751 997 907 1068 Seidlero
922 1018 1002 1064 meo
1017 997 1154 1089 accepi,
1179 999 1214 1065 in
1229 1002 1307 1089 qui-

198 1130 262 1201 bus
282 1133 339 1202 ille
361 1133 406 1203 ‹le
423 1134 625 1227 quibusdam
638 1136 774 1205 illorum
794 1135 1049 1227 exemplorum,
1073 1134 1109 1201 in
1123 1135 1244 1223 quibus
1259 1135 1306 1208 ἄν

196 1271 381 1363 potentiale
401 1270 646 1342 dubitationem
666 1272 814 1361 lecerat,
846 1295 941 1341 suam
965 1276 1101 1338 me'cum
1118 1273 1305 1340 communi-

196 1409 286 1477 cava
307 1410 515 1477 aaronem
566 1408 600 1476 Is
624 1408 661 1476 in
681 1418 823 1498 quaro,
856 1407 951 1496 quoa
971 1405 1132 1496 Aeschyli
1150 1386 1304 1500 asga-

194 1566 374 1614 memnone
400 1553 469 1633 est,
508 1542 628 1614 ordine
655 1543 840 1613 verborum
861 1550 990 1612 manto
1020 1542 1091 1636 legi
1114 1565 1219 1636 posse
1237 1545 1303 1614 ob-

193 1689 322 1773 servo,

347 1825 489 1914 ἑλόντες
511 1827 577 1906 οὐκ
600 1829 646 1906 ἄν
664 1826 775 1914 αὖθις
794 1824 994 1906 ᾰνθᾶλοιεν
1008 1830 1065 1906 ἄν.

192 2020 233 2091 ln
251 2020 387 2115 quinto,
412 2017 598 2112 Sophoclis
623 2019 658 2087 in
676 2017 781 2089 Aiace
791 2034 804 2108 ‚⁴
825 2019 901 2111 ipse
927 2040 1064 2109 quoque
1084 2018 1120 2088 in
1144 2022 1299 2094 ἄντατι·

190 2150 356 2257 po'oam'
376 2154 423 2232 cis
442 2156 575 2246 incidit,
607 2157 738 2226 nescius
760 2180 782 2226 a
801 2148 929 2225 Bothio
952 2155 1021 2224 hoc
1045 2176 1118 2226 esse
1146 2179 1299 2249 occupa-

190 2304 273 2368 tum.
325 2295 364 2365 ln
381 2294 532 2383 decimo,
558 2292 709 2363 eiusdem
730 2301 854 2386 poetae
870 2295 905 2362 in
919 2290 1075 2385 Electra,
1102 2295 1298 2364 sententiam

189 2434 362 2525 requirere
382 2429 450 2506 sois
472 2431 644 2501 existimat
694 2430 735 2498 In
755 2430 954 2516 undecimo,
988 2430 1083 2522 quod
1104 2440 1155 2499 est
1171 2432 1205 2500 in
1224 2433 1296 2500 Ae-

190 2569 300 2662 schyli
321 2569 464 2662 Septem
487 2567 533 2636 ad
546 2566 704 2655 Thebas,
729 2575 767 2635 ut
782 2590 869 2660 ego,
897 2558 944 2640 iio
965 2560 1210 2665 ἀληθεύσαιμ’
1227 2563 1296 2664 e’yoi

190 2706 346 2803 corrigit,
371 2705 467 2778 aliter
486 2714 602 2777 tamen
619 2701 664 2774 (lo
681 2705 890 2800 praegressis
909 2705 1020 2775 verbis
1039 2704 1190 2774 sentiens.
