2918 4890
571 293 654 363 LIB.
678 295 715 356 ll.
752 295 850 358 CAP.
871 299 901 363 8.
1252 300 1297 364 Bb

185 437 300 551 lamen
322 482 450 586 aliquid
471 482 676 556 discriminis.
728 485 816 552 Nam
839 487 909 554 sine
927 486 1093 578 particula
1108 485 1165 554 hic
1181 507 1295 554 sensus

185 596 253 656 est:
280 587 327 672 is,
356 587 418 677 qui
433 609 515 655 oum
534 585 803 657 immortalibus
818 590 1066 682 pugnaverim
1098 589 1213 658 addita
1232 613 1295 658 au-

184 690 515 885 Lengbzquioumque
523 691 762 813 pugnaverit.
815 694 932 783 ltaque
954 694 1047 784 quod
1062 695 1186 786 legitur
1199 693 1293 761 Iliad.

236 929 296 1001 ναὶ
313 923 383 1022 yolo
401 926 455 1009 ric
470 924 515 1002 θ’
533 933 595 1001 ἕνα
610 928 710 1024 μῆνα
727 932 846 1021 μένων
861 924 936 1003 a’od
949 927 988 1026 ἧς
1003 925 1153 1022 ἄλόχοιο
1176 945 1179 989 ἰ

236 1025 403 1126 ἄσχαλᾶᾳ
420 1025 486 1103 σιίν
506 1033 568 1126 νηῒ
578 1026 782 1126 πολυζύγῳ,
808 1031 918 1127 ὅνπερ
937 1033 1061 1107 ἄελλαι

236 1135 420 1229 χειμέριαι
435 1135 615 1213 εἰλέωσιν,
639 1131 831 1234 ὀρινομένη
846 1163 887 1209 τι
905 1129 1074 1209 θᾶλασσα
1082 1191 1095 1226 ,

184 1289 240 1356 vix
256 1286 435 1355 commode
456 1286 522 1354 dici
539 1287 668 1379 potuit,
696 1285 739 1361 ὄν
754 1314 814 1360 ιιεν
832 1287 957 1361 ἄελλαι
973 1292 1149 1379 εἰλέωσιν,
1175 1292 1202 1359 si
1219 1293 1295 1382 qui-

184 1391 344 1459 damiam
367 1392 443 1459 satis
458 1390 641 1458 indicatum
659 1399 709 1459 est
724 1392 1006 1483 praecedentibus
1019 1394 1145 1480 rethia,
1172 1395 1217 1463 de
1232 1397 1295 1463 ali-

184 1517 253 1585 quo
272 1505 365 1563 certo
384 1495 538 1581 homine,
566 1496 624 1583 qui
639 1496 807 1587 integrum
823 1486 974 1564 mensem
990 1497 1093 1564 domo
1110 1492 1206 1586 absit,
1234 1521 1294 1567 co-

184 1597 362 1690 gitandum
378 1620 460 1666 esse.
496 1598 568 1666 Sed
583 1599 610 1666 si
625 1599 814 1687 inventaria,
842 1597 885 1672 ὅν
901 1627 961 1671 ιιεν
979 1599 1105 1672 ἄελλαι
1122 1603 1294 1690 εἰλέωσιν,

184 1701 243 1773 uui
272 1707 335 1774 ἕνα
355 1701 454 1796 μῆνα
478 1703 601 1793 Ιμένων
628 1696 816 1796 ἄσχαλᾶρι,
850 1712 942 1770 recte
965 1702 1082 1770 addita
1101 1703 1162 1771 erit
1186 1706 1293 1795 parti-

185 1805 276 1872 cula:
329 1799 585 1896 quemcumque
617 1805 807 1887 procellae
839 1805 1072 1893 retinuerint,
1121 1807 1295 1877 etiamsi

184 1931 293 1976 unum
316 1929 472 1976 mensem
503 1907 750 1997 damnabat,
785 1931 904 2001 aegre
921 1907 1018 2000 sert.
1072 1909 1222 1997 Quodsi,
1257 1921 1295 1978 ut

184 2012 307 2103 vulgo,
334 2009 447 2107 ἥνπερ
464 2010 607 2097 scribas,
633 2012 726 2079 nullo
742 2011 846 2079 modo
861 2011 972 2078 addici
987 2012 1097 2103 potuit
1115 2009 1170 2083 ἄν.
1222 2013 1294 2080 lam

183 2115 273 2183 enim
288 2137 356 2182 non
372 2135 608 2204 quaecumque
623 2116 715 2183 navis
736 2114 797 2182 sed
810 2116 867 2182 illa
883 2115 1023 2206 intelligi
1038 2114 1186 2198 debebit,
1206 2139 1294 2205 quae

183 2216 273 2285 hunc
288 2217 461 2285 hominem
479 2215 578 2287 vehit.
631 2218 708 2286 Alio
723 2216 845 2304 modo,
872 2217 932 2286 sed
947 2217 1045 2286 simili
1057 2226 1186 2299 tamen,
1211 2217 1294 2285 illud

184 2331 417 2412 comparatum
433 2328 500 2408 est,
528 2318 596 2389 Od.
616 2328 654 2393 θ.
669 2318 754 2388 14λ.

236 2453 279 2531 οὐ
292 2457 360 2549 μέν
375 2451 444 2553 yolo
459 2463 583 2549 μεῖζον
599 2458 697 2539 ullor
710 2453 856 2553 ἄνέρος,
879 2456 978 2553 ὄφρα
995 2484 1056 2530 νεν
1072 2451 1175 2552 ᾖσιν,

235 2559 258 2657 ἢ
274 2557 296 2632 ὅ
310 2588 348 2632 τι
364 2559 494 2632 ποσσίν
508 2586 550 2631 τε
567 2561 647 2657 ρ’έξῃ
661 2559 720 2632 ναὶ
739 2560 860 2655 χερσὶν
877 2561 985 2658 ἑῇσιν.

183 2713 270 2781 Nam
301 2721 356 2798 nt,
397 2711 637 2802 quodcumque
666 2715 739 2803 quis
764 2713 900 2781 'roboris
934 2713 1173 2779 documentum
1204 2711 1292 2796 edat,
1398 2791 1401 2795 .

182 2816 320 2883 laudem
337 2816 368 2882 ei
384 2815 524 2900 afferat,
550 2823 662 2882 tamen
676 2839 743 2883 non
759 2815 828 2882 hoc
847 2816 913 2883 dici
932 2816 988 2882 hic
1004 2814 1146 2896 debuit,
1165 2814 1227 2880 sed
1249 2814 1292 2881 il-

183 2919 258 2987 iud:
284 2941 357 2987 non
374 2919 453 2987 ulla
472 2919 595 2988 maior
617 2923 672 2988 ‘est
694 2918 848 2988 hominis
868 2918 1016 3011 gloria,
1045 2939 1154 3008 quam
1177 2939 1223 2985 ea
1239 2938 1292 3005 eo,-

185 3023 283 3114 quod
294 3020 452 3115 pedibus
467 3021 704 3119 manibusque
725 3019 898 3123 effecerit}
952 3020 1133 3090 Caeterum
1151 3019 1177 3086 si
1200 3021 1292 3113 ρ’έξει

183 3126 251 3194 hoc
261 3127 339 3194 loco
363 3148 440 3193 cum
457 3126 528 3193 aliis
541 3127 725 3218 praeterae,
752 3149 866 3194 sensus
884 3126 964 3211 erit,
991 3146 1101 3215 quam
1116 3123 1215 3214 quod
1229 3145 1292 3190 ro-

184 3227 271 3298 bore
285 3229 454 3322 corporis
473 3227 620 3324 efficiet.
673 3230 792 3318 ltaque
807 3237 963 3296 accurate
980 3250 1021 3294 ex
1036 3227 1211 3318 epicorum
1230 3248 1307 3293 usu-

184 3333 313 3426 scripsit
328 3329 492 3401 Moschus
506 3333 541 3400 in
551 3333 713 3425 Epitaph.
731 3331 828 3401 Bion.
846 3324 931 3399 109.

235 3483 354 3576 ἄμμες
368 3480 406 3556 d’
420 3491 457 3556 οἱ
470 3479 623 3578 μενᾶλοι
636 3485 695 3556 uui
711 3476 884 3578 ιιαρτεροί
897 3480 921 3578 ἢ
938 3479 1046 3575 σοφοὶ
1060 3475 1199 3573 ἄνδρες,

235 3581 381 3660 bandua
398 3587 521 3682 πρᾶνα
537 3581 723 3679 θᾶνωμες,
750 3581 903 3658 ἄνᾶιιοοι
922 3589 960 3658 ἰν
981 3580 1088 3672 χθονὶ
1105 3579 1207 3673 rolla

186 3751 193 3759 .
233 3687 384 3782 εᾶδομες
398 3685 440 3762 εὖ
455 3684 556 3782 μᾶλα
569 3683 712 3786 μανρόν
725 3684 913 3785 ἄτέρμονα
929 3680 1104 3795 νήγρετον
1118 3680 1242 3754 ὕπνον.

126 3870 132 3876 ’
181 3842 263 3910 Νοο
284 3842 373 3910 enim
391 3843 691 3936 quandocumque
708 3840 1019 3925 murmuraremus,
1046 3834 1106 3905 sed
1128 3835 1288 3928 quondo,

182 3945 298 4014 dicere
309 3941 425 4014 voluit.
615 3999 617 4004 .

277 4048 429 4118 *Interest
448 4058 559 4116 autem
574 4047 675 4116 etiam
689 4047 818 4137 aliquid
837 4047 922 4116 inter
944 4045 1094 4112 futurum
1113 4049 1148 4110 ct
1164 4039 1296 4132 optati,

182 4173 272 4220 vum.
324 4151 413 4222 Vide
425 4151 513 4220 haec
529 4149 597 4220 Od.
616 4179 643 4223 ε.
660 4149 719 4222 33.
1051 4144 1052 4148 ’

235 4284 318 4362 ἄλλ’
332 4285 393 4383 ὅγ’
410 4287 468 4363 ἐπὶ
482 4285 618 4385 σχεδίης
632 4287 860 4380 πολυδέσμου
876 4278 1027 4380 πήματα
1044 4274 1189 4369 πᾶοχων
1198 4330 1211 4365 ,
1253 4364 1257 4367 ,
