2918 4890
464 311 936 384 nrssnnrr'r1o.
1033 377 1037 389 ,
1187 330 1251 395 259

183 484 185 491 Α
244 491 368 595 μήτηρ
385 499 467 592 ἐμοὶ
484 501 615 599 διῆλθε
635 504 784 584 Τιτανὶς
801 505 909 577 θεοῖν.

245 599 340 727 ipo}
353 601 391 675 dt
405 601 506 722 χῦπμ
514 659 528 693 ,
555 603 676 678 ταῦτα
693 609 751 679 δεῖ
757 609 905 704 μακροῦ
919 603 1030 704 λόγου

125 752 126 757 1
244 730 367 777 οιποιν.

139 857 185 923 Et
200 857 322 926 iterum
338 865 370 932 v'.
390 854 478 928 912.

240 1008 392 1082 cocoivde
404 1002 560 1102 μόχθων
581 1005 759 1109 invocaris
775 1009 891 1095 οὐδεὶς
905 1016 1002 1087 θεοῖν

203 1178 207 1212 ,
241 1105 386 1184 δύναιτ’
403 1111 448 1184 ἄν
469 1109 571 1208 αὑτοῦ
582 1111 673 1200 πλήν
689 1115 782 1206 ἐμοῦ
798 1119 910 1198 δεῖξαι
928 1119 1058 1214 σαφοῦς.

239 1208 308 1308 ἐμοῦ
320 1208 407 1288 τοῦδ’
422 1211 525 1305 οἶδα,
554 1213 606 1306 χοῦ
621 1211 757 1313 τρόπῳ.

137 1365 305 1436 Referunt
319 1390 361 1436 eo
377 1367 477 1436 etiam
489 1367 651 1438 Mercurii
666 1368 790 1454 vssha,
816 1392 848 1442 v,
866 1369 952 1442 949.

237 1615 363 1710 ῦδοῦς,
393 1621 620 1720 Προμηθεῦ,
646 1521 994 1720 πῦῦῦῦῦῦῦςι,διπλας

65 1826 67 1830 -
131 1789 318 1858 rediturum
331 1793 365 1859 in
377 1793 531 1884 proxima
549 1793 666 1862 fabula
681 1791 889 1864 Mercurium
906 1794 1046 1864 indicari
1056 1797 1131 1871 rati.
1164 1800 1237 1875 De-

131 1894 232 1983 nique
248 1917 335 1984 quae
349 1894 441 1963 idem
456 1895 538 1965 dicit
549 1919 581 1968 v.
599 1895 712 1969 1025.

232 2064 381 2138 τοιοῦδε
395 2056 545 2156 μόχθου
560 2065 679 2159 τέρμα
693 2058 747 2160 μή
762 2093 799 2137 τι
812 2060 1010 2160 προςδῦκα,

232 2167 318 2262 πρὶν
333 2166 378 2238 ἄν
396 2167 565 2247 decisus
581 2161 749 2256 διάδοχος
764 2167 836 2239 τοῖν
853 2169 926 2239 coiv'
939 2164 1065 2244 πόοωῦ
1082 2211 1086 2215 -

232 2269 351 2364 φανῇ,
374 2263 510 2366 θελήσῃ
529 2271 568 2342 τ’
591 2273 640 2349 εἰς
652 2262 859 2364 ἀναύγητον
872 2276 1001 2363 μολεῖν

230 2368 321 2468 ᾅδην
336 2367 491 2465 κνεφαῖά
509 2369 549 2446 τ’
565 2368 661 2468 ἀμφὶ
678 2365 866 2468 ταρτάρου
880 2367 1000 2472 finitio·

127 2541 248 2631 quibus
274 2537 457 2609 Chironem
477 2541 636 2634 respicit,
664 2543 720 2631 qui
738 2542 827 2609 uitro
850 2550 949 2609 exuta
969 2543 1147 2613 immortali
1169 2570 1232 2616 na-

126 2653 201 2712 tura
214 2668 279 2736 pro
298 2644 504 2713 Prometheo
520 2645 564 2713 ad
583 2624 713 2714 Orcum
729 2645 855 2713 abierit.
907 2646 960 2713 Ac
974 2649 1091 2739 negari
1105 2651 1231 2742 nequit,

126 2771 200 2816 esse
217 2749 432 2815 haecomnia
450 2749 496 2815 ita
516 2757 728 2840 comparata,
753 2757 807 2834 ut,
834 2749 992 2836 quoniam
1011 2773 1089 2818 cum
1106 2752 1232 2821 libera-

124 2852 214 2920 tione
237 2850 434 2920 Promethei
452 2852 629 2919 coniuncta
649 2859 740 2933 sunt,
767 2873 834 2917 non
856 2851 984 2940 possint
1005 2875 1073 2919 non
1090 2849 1230 2923 ad'So-

124 2954 230 3024 lutum
256 2954 498 3023 Prometheum
522 2964 692 3047 spectare,
719 2954 747 3021 si
768 2953 795 3021 is
813 2954 987 3044 copulatus
1000 2977 1084 3022 >cum
1105 2957 1228 3027 Vincto

124 3058 195 3128 fnit.
249 3058 321 3126 Sed
344 3068 511 3127 mutemus
527 3082 619 3144 rem,
646 3067 703 3125 aut
717 3057 934 3124 invertamus:
961 3080 1128 3125 sumamus
1150 3061 1228 3128 nnl-

124 3160 193 3226 lum
220 3161 382 3251 scriptum
405 3186 477 3230 esse
504 3161 659 3230 Solutum
690 3159 948 3242 Prometheum,
983 3169 1040 3227 aut
1073 3171 1228 3254 tempore

123 3263 273 3353 priorem
294 3263 395 3331 fuisse
421 3266 560 3331 Vincto:
594 3287 673 3330 num
699 3262 757 3356 qui
788 3262 896 3328 minus
920 3263 1040 3330 eadem
1059 3264 1117 3331 ilia
1138 3264 1227 3335 dicta
1281 3344 1284 3345 ⁷

123 3389 196 3432 esse
225 3365 428 3433 credemus?
468 3368 557 3433 Nam
579 3364 780 3433 liberationis
808 3365 944 3452 quidem
964 3369 1151 3435 necessario
1177 3369 1228 3436 fa-

124 3468 336 3536 cienda'erat
360 3469 507 3553 mentio,
541 3469 662 3552 nelo,
697 3467 789 3534 cuius
815 3469 1020 3557 ex'posteris
1045 3471 1227 3563 sospitator
1335 3505 1338 3510 2

122 3572 317 3638 Promethei
332 3571 508 3639 exstiturus
518 3580 617 3648 esset,
632 3571 753 3637 inutilis
767 3590 914 3660 persona
925 3571 1103 3646 videretur.
1132 3571 1226 3642 Con-

87 3753 91 3761 ,
121 3675 260 3742 nubium
280 3675 368 3742 Iovis
393 3683 506 3742 autem
527 3675 632 3742 multo
649 3674 756 3742 minus
771 3675 947 3763 praeteriri
967 3683 1118 3765 poterat,
1145 3677 1224 3766 quia

121 3779 305 3846 curandum
323 3788 414 3867 erat,
436 3788 474 3845 nt
486 3779 588 3844 finem
602 3778 725 3845 iustum
738 3775 880 3844 haberet
897 3777 1022 3859 fabula,
1048 3801 1112 3845 nec
1130 3803 1247 3873 spe-9

121 3890 274 3963 ctatores,
302 3881 463 3972 quemad
482 3883 585 3949 muita
604 3882 737 3949 saecula
752 3880 837 3947 saxis
852 3879 947 3970 affigi
960 3879 1136 3965 vidissent,
1163 3881 1222 3950 de-

119 4006 232 4052 serere
258 3986 304 4052 ibi
328 3985 553 4076 pendentem,
580 3986 714 4075 suisque
742 3982 1011 4050 immiserabilem
1030 3983 1221 4074 relinquere

118 4088 212 4155 malis
233 4097 452 4180 cogerentur:
480 4088 574 4176 quod
601 4111 705 4177 quum
730 4095 817 4156 esset
837 4085 883 4152 ita
902 4085 1158 4175 instituendum,
1184 4095 1222 4155 ut

117 4212 181 4257 nec
197 4214 331 4282 poenae
347 4191 514 4272 atrocitas,
541 4214 628 4279 quae
642 4191 697 4258 vel
714 4188 858 4260 maxime
871 4188 904 4254 in
919 4187 1133 4258 diuturnitate
1146 4188 1222 4257 rin-

118 4295 269 4363 cuiorum
284 4296 394 4387 posita
409 4301 512 4381 esset,
533 4294 758 4372 minueretur,
785 4315 848 4359 nec
861 4301 1108 4382 repugnaretur
1124 4313 1221 4360 com-

940 4409 1192 4505 nr..
