2918 4890
175 1315 409 1422 susuun
441 1247 702 1405 'APERTA
758 1313 998 1407 opssm
1049 1323 1238 1410 Auvn-

508 1499 887 1590 Auscnmvm

582 1765 787 1779 ...--.....-,,

142 1959 228 2063 Diu
245 2003 314 2081 cst,
333 2018 438 2085 quum
457 1996 603 2087 primum
622 1993 761 2085 promisi
774 2016 830 2062 me
847 1991 1055 2086 Aeschylum
1075 2019 1150 2067 esse
1165 1999 1245 2067 edi-

142 2108 262 2168 turum.
323 2098 428 2182 Quod
457 2120 581 2166 nomeu
613 2105 652 2164 ut
676 2095 825 2164 nondum
854 2096 1071 2184 exsolverim,
1107 2123 1246 2171 caussae

145 2200 281 2268 luerunt
299 2223 403 2289 quum
418 2199 550 2268 labores
565 2198 636 2282 alii,
663 2219 746 2288 quos
761 2198 866 2267 modo
881 2199 970 2269 ultro
988 2201 1122 2293 suscepi
1140 2203 1245 2272 modo

142 2302 271 2394 imponi
292 2302 375 2370 mihi
395 2324 512 2393 passus
534 2323 627 2391 sum,
653 2302 855 2393 tumoperis
871 2301 975 2393 ipsius
994 2305 1193 2396 magnitudo
1211 2314 1246 2375 ct

144 2405 334 2477 difficultas.
394 2403 466 2473 Sed
499 2413 613 2471 tameu
644 2403 799 2471 standum
830 2405 1002 2495 promissis
1036 2415 1105 2493 est,
1139 2430 1245 2497 quum

143 2507 339 2598 praesertim
361 2507 456 2574 multi
475 2506 643 2598 flagitent,
669 2528 733 2573 uec
759 2507 934 2596 quisquam
955 2525 1011 2577 me
1036 2509 1137 2592 visat,
1163 2511 1245 2598 quin

142 2610 333 2701 Aeschylus
355 2607 490 2698 quando
511 2610 553 2676 sit
571 2606 764 2701 proditurus
787 2619 936 2698 quaerat.
994 2608 1083 2679 Mihi
1105 2612 1244 2703 quidem

142 2710 230 2780 haec
260 2712 426 2781 cunctatio
455 2711 533 2802 plus
561 2710 692 2797 nocuit,
715 2732 838 2800 ‚quum
870 2707 1052 2802 Aeschylo.
1113 2713 1244 2783 Vereor

143 2816 248 2905 enim,
274 2837 337 2898 ne,
363 2837 431 2905 quo
445 2812 566 2883 diutius
579 2835 709 2898 moror,
735 2834 778 2880 eo
793 2813 989 2906 prolixiores
1007 2825 1244 2907 exspectentur

144 2917 390 3005 commentarii,
416 2924 621 3008 sperentque
640 2915 790 2991 nonnulli
811 2938 866 2983 mc
881 2915 936 2983 vel
952 2914 996 2984 de
1010 2916 1111 2984 rebus
1125 2941 1243 3010 gram-
1339 2936 1343 2941 ’
1400 2916 1403 2923 ’

132 3020 269 3088 ’ωαιίοἰε
299 3019 404 3088 multa
432 3018 617 3105 dicturum,
655 3018 710 3085 vel
738 3019 963 3107 quaesiturum
993 3016 1036 3086 dc
1062 3020 1242 3091 reconditis
1296 3087 1300 3095 .

116 3124 245 3212 ‘atque
272 3121 445 3208 abstrusis,
480 3110 591 3211 qualia
616 3120 736 3208 quibus
760 3122 794 3188 in
816 3131 963 3189 mentem
989 3120 1139 3213 veniunt,
1171 3122 1242 3191 ha-

143 3224 264 3292 bentur
277 3223 467 3292 doctissimi.
518 3223 644 3291 Verum
660 3221 746 3313 haec
761 3245 828 3315 ego
845 3223 916 3291 sliis
931 3222 1133 3312 relinquam:
1159 3225 1243 3293 mihi

144 3327 188 3395 sb
201 3327 293 3394 initio
307 3325 375 3393 hoc
389 3326 452 3393 luit
465 3323 695 3418 propositum,
721 3334 759 3392 ut
772 3348 812 3392 ea
827 3323 1001 3410 afferrem,
1021 3326 1142 3413 quibus
1159 3327 1242 3395 effi-

145 3437 294 3515 ceretur,
327 3437 366 3495 ut
389 3427 439 3496 sni
459 3427 602 3495 'similior
628 3448 730 3515 quam
760 3426 873 3494 adhuc
897 3435 1046 3495 estesse
1073 3427 1243 3496 videretur

145 3554 291 3599 summus
319 3537 432 3622 poete.
492 3531 582 3598 Nam
606 3528 668 3596 etsi
693 3529 787 3596 multi
816 3528 861 3596 ad
887 3551 964 3596 eum
993 3530 1242 3599 emendandum

144 3656 284 3725 operam
312 3633 524 3701 coutulerunt
550 3653 662 3718 suam,
694 3640 806 3698 tamen
831 3631 991 3723 singulari
1016 3632 1086 3698 fato
1114 3631 1242 3702 iactum

143 3735 261 3822 video,
287 3745 324 3802 ut
344 3735 391 3802 illi
412 3735 467 3803 vel
488 3733 521 3801 in
538 3733 664 3826 pusillis
687 3732 884 3824 quibusdam
906 3734 1007 3802 rebus
1028 3734 1089 3801 toti
1111 3733 1241 3805 adhae-

143 3847 329 3923 rescerent,
357 3837 431 3924 vel,
465 3835 562 3905 siud
585 3834 774 3904 difficiliora
793 3835 1007 3915 accederent,
1040 3857 1239 3929 corrumpe·

143 3950 218 4008 rent
234 3941 333 4032 plura
354 3950 456 4029 quam
473 3938 557 4007 vitiis
577 3947 778 4030 purgarent,
805 3961 847 4006 eo
863 3936 957 4026 quod
982 3936 1095 4005 debile
1119 3949 1241 4032 pectus

143 4065 212 4111 non
231 4052 368 4133 caperet
392 4042 460 4108 vim
482 4042 678 4121 immensam
697 4040 779 4109 tanti
802 4039 938 4132 ingenii.
998 4039 1153 4124 Quorum
1174 4065 1241 4135 ego

142 4145 178 4213 iu
203 4144 459 4215 laboriosissima
485 4165 591 4236 opera
618 4141 703 4210 illud
731 4165 834 4234 saepe
858 4141 994 4210 miratus
1018 4164 1111 4230 sum,
1147 4144 1252 4241 quod·

145 4247 225 4315 dum
241 4271 278 4317 se
291 4247 380 4317 miris
394 4245 502 4316 modis
518 4254 692 4336 torquent,
718 4244 813 4337 quasi
826 4244 967 4338 caligine
983 4243 1132 4335 quadam
1150 4268 1239 4329 ocu-
