2918 4890
574 313 660 378 ΗΒ.
680 315 706 377 1.
752 318 847 382 CAP.
868 324 899 385 8.
1246 333 1291 399 8³

182 493 296 565 Multo
310 497 421 568 minus
437 498 560 570 afferre
576 502 725 574 debebat
745 509 913 602 Reisigius
929 510 1037 606 Soph.
1054 515 1180 590 Trach.
1199 516 1285 590 672.

336 652 508 726 τοιοῦτον
522 657 725 756 inficiatque,
752 659 832 732 οἷον
849 661 896 737 οῖν
910 658 1057 762 φρασα,

331 761 493 847 γυναῖκες
500 811 514 847 ,
541 756 626 851 ὑμῖν
640 758 763 855 θαῦμ’
780 759 996 842 ἀνέλπιστον
1008 777 1156 863 μαθεῖν.

181 903 386 986 Quomodo
409 909 483 998 quis
507 932 669 1001 umquam
689 914 848 1009 loquutus
871 920 946 988 est?
982 922 1023 992 In
1044 924 1285 1002 Andromacha
1304 894 1316 911 ⁶

51 1090 55 1095 ἱ
180 1005 351 1100 Euripidis
365 1021 478 1080 autem
490 1034 522 1081 v.
536 1011 622 1084 465.

333 1159 506 1237 οὐδέποτ’
528 1165 575 1240 οῖν
590 1165 725 1262 δίδυμα

332 1264 453 1365 λέκτρ’
467 1269 641 1343 ἐπαινέσω
659 1271 822 1368 βροτοῖν,

177 1416 323 1485 metricis
352 1418 470 1488 deberi
492 1431 637 1515 arguunt
659 1423 810 1508 codices,
835 1449 904 1495 uon
923 1425 1087 1497 habentes
1106 1453 1182 1500 eam
1202 1455 1285 1525 par-

175 1520 322 1588 ticulum.

282 1623 354 1691 Serl
368 1623 548 1695 dicendum
565 1628 610 1698 de
625 1626 679 1712 τῖς
692 1628 738 1704 οῖν
754 1653 832 1699 cum
845 1630 968 1706 futuro.
1019 1633 1059 1702 lu
1075 1633 1193 1730 Eurip.
1206 1637 1283 1732 Iph.

176 1725 221 1795 Τ.
236 1724 323 1794 894.
337 1727 423 1796 haec
436 1730 609 1822 leguntur:

330 1878 384 1961 cic
398 1879 445 1953 οῖν
461 1879 527 1955 οὖν
541 1878 630 1958 ταδ’
643 1880 689 1956 ιῖν
704 1883 728 1979 ἢ
742 1875 828 1964 taor
843 1877 1047 1981 ἧβροτέςῆ

328 2010 368 2054 τι
383 1983 456 2056 τοῖν
469 1980 675 2084 οῖδοιιῆτων,
768 1995 771 2006 ’

330 2083 470 2180 οῖπορον
485 2081 600 2182 πόρον
616 2082 806 2174 ἐξανύσας,

329 2191 431 2261 δυοῖν
442 2196 524 2263 τοῖν
538 2195 670 2284 μονοῖν
686 2186 898 2287 Ἀτρείδαιν
915 2193 1025 2285 φανεῖ

328 2291 445 2364 ιιαιιοῖν
459 2294 600 2367 ἔκλυσιν
608 2320 623 2384 ,·

173 2443 343 2536 Reisigius
359 2466 424 2536 pro
435 2468 601 2535 ea‚·quam
616 2445 677 2514 sibi
691 2443 771 2512 fecit
783 2444 919 2513 notione
932 2443 1126 2536 particulae,
1140 2468 1175 2538 p.
1192 2445 1280 2524 loo.

173 2545 227 2627 τῖς
242 2545 288 2619 οἷν
312 2552 423 2642 φανεῖ
440 2548 620 2617 absurdam
641 2549 938 2639 interrogationem
959 2570 1032 2615 osse
1053 2547 1150 2636 dicit,
1176 2551 1279 2620 Seid-

174 2649 313 2738 leroque
338 2650 487 2736 accedit,
521 2650 567 2723 ἄν
597 2651 642 2719 ad
670 2651 884 2743 participium
914 2644 1083 2731 ἐξανύσας
1109 2653 1276 2730 referenti.

172 2751 338 2820 Nimirum
359 2751 486 2820 factum
506 2763 557 2822 cst
577 2754 613 2822 id
635 2753 759 2823 eodem
781 2752 902 2837 modo,
929 2773 998 2840 quo
1019 2775 1121 2844 supra
1135 2756 1277 2827 vidimus

172 2875 271 2922 usum
284 2855 541 2944 Thucydidem,
567 2857 646 2948 quia
662 2857 695 2925 in
717 2864 829 2923 mente
846 2854 1128 2945 habebatpoeta‚
1154 2856 1209 2938 τῖς
1228 2859 1275 2932 οῖν
1412 2871 1415 2875 ’

173 2952 240 3027 οὖν
256 2951 342 3028 ταδ’
357 2955 402 3028 οῖν
418 2951 636 3039 ἐξανύσειενς
661 2959 723 3027 uta
738 2959 772 3026 in
786 2957 947 3051 opinione
963 2956 1093 3026 defixus
1105 2959 1275 3055 Reisigius

172 3058 267 3152 apud
280 3059 500 3131 Theocritum
515 3061 655 3131 xxvll.
671 3061 731 3133 38,
745 3084 829 3154 pro,

500 3211 583 3288 τῖνα
598 3241 677 3297 νιν,
702 3213 787 3288 τῖνα
799 3210 925 3308 μῦθον
939 3206 1049 3305 §uiuo
1056 3265 1071 3302 ,

173 3361 285 3432 Scribi
297 3363 389 3434 iubet
404 3362 488 3440 τῖνα
512 3364 582 3439 ιιαῖ.
632 3366 680 3436 At
694 3389 762 3436 non
775 3364 883 3458 magis
900 3361 1046 3432 absurda
1064 3372 1114 3432 est
1128 3365 1201 3433 talis
1218 3366 1272 3434 in-
1294 3336 1297 3341 .

172 3469 373 3560 terrogatio‚
400 3491 501 3559 quam
518 3493 623 3561 quum
636 3492 697 3538 nos
710 3491 788 3539 wer
799 3467 894 3537 wohl
909 3466 964 3535 vel
980 3469 1057 3535 coer
1070 3475 1166 3536 etwa
1186 3468 1272 3538 dioi-

171 3590 256 3638 mus.
306 3570 345 3638 ln
360 3571 479 3667 Eurip.
495 3572 622 3642 Bacch.
639 3570 726 3642 639.
739 3569 928 3681 Brunckius
943 3592 962 3638 o
978 3567 1055 3638 cort
1069 3568 1113 3639 E.
1217 3589 1220 3593 ·

498 3723 538 3799 τῖ
558 3720 648 3800 ποτ’
662 3723 707 3799 ἄν
723 3728 760 3798 ἐν
774 3716 916 3797 τούτων
929 3721 1005 3818 ἐρεῖ
1008 3747 1022 3812 ,·
1123 3792 1129 3804 ,

172 3873 285 3958 Quem
306 3897 376 3945 uon
398 3876 554 3964 dixerim,
579 3887 617 3947 ut
639 3877 831 3962 Eimsleius‚
857 3896 927 3942 non
945 3872 1052 3964 magis
1068 3872 1215 3965 potuisse
1234 3875 1269 3960 iu

171 3979 296 4046 tantula
312 4001 350 4046 re
374 4002 495 4050 errare.
546 3983 635 4050 Nam
657 3987 768 4074 potest
790 3978 827 4046 id
851 3978 899 4045 aio
918 3976 1094 4068 explicari,
1118 3976 1157 4050 τῖ
1181 3972 1268 4050 ποτ’

171 4077 217 4150 ἄν
235 4082 309 4176 εἴη,
336 4080 409 4155 ὃέι
423 4077 564 4156 τούτων
581 4089 657 4180 ἐρεῖ
660 4111 674 4175 ,·
698 4083 764 4152 Alii
779 4080 853 4150 libri
868 4075 931 4175 ἄρ’
946 4078 1081 4148 habeut.
1123 4078 1269 4184 Aeschi-

112 4264 115 4272 ,
170 4183 277 4249 nesio
292 4183 442 4277 Ctesiplu
461 4181 591 4280 §.155.
605 4211 641 4279 p.
655 4183 740 4255 542.
754 4181 870 4254 Reisk.
882 4174 970 4255 τότε
983 4181 1051 4276 μέν
1066 4176 1174 4298 ταῦτ’
1187 4171 1269 4300 iuri·

170 4290 323 4381 ροττεν,
359 4278 507 4424 ἀλλὀὐ
535 4289 621 4379 νιῖν,
655 4282 746 4366 ἄλλα
769 4278 1093 4472 παραστησοῖρὲιιὲοι
1113 4307 1181 4356 τον
1203 4307 1268 4376 της
