2918 4890
462 297 932 388 orssnararro.
1075 303 1077 307 ⁴
1186 303 1247 366 aar

144 491 226 560 nihil
244 492 332 559 enim
351 490 597 560 concreditur.
651 489 723 559 Sed
736 491 795 579 qui
818 511 884 557 non
900 489 1054 580 credent,
1082 514 1123 559 eo
1141 494 1249 584 magis
1319 564 1328 577 s

144 620 225 663 vera
241 595 354 662 dicere
370 592 635 662 Demosthenem
651 595 845 678 censebunt,
863 594 957 682 quod
975 595 1140 687 ademptis
1158 597 1247 663 iudi-

145 700 201 765 ciis
220 697 416 788 capitalibus
426 699 625 789 Areopagus
640 697 684 765 de
700 700 887 788 Areopago
901 706 989 765 esset
1006 698 1166 766 sublatus.
1191 699 1247 783 At,

143 802 311 889 inquiunt,
342 809 459 892 aperte
481 809 649 892 repugnat
671 793 891 868 Demostheni
916 801 1054 890 Lysias,
1081 801 1247 868 redditam

41 944 44 959 ι
99 924 103 931 ·
144 908 330 996 Areopago
362 928 422 972 sua
444 913 553 971 aetate
576 912 778 995 potestatem
802 905 893 970 iiiam
915 905 1107 971 testificans,
1138 904 1248 971 Miror

144 1031 210 1099 ego
225 1007 381 1097 quidem,
405 1006 505 1075 huius
521 1008 626 1076 verba
637 1007 737 1074 etiam
749 1006 1077 1074 Forchhammerum
1090 1009 1136 1074 ita
1152 1030 1247 1075 com-

143 1112 298 1193 movisse,
325 1119 361 1178 ut
390 1120 424 1196 et
450 1110 493 1178 de
519 1110 684 1202 scriptura
708 1109 876 1178 dubitaret
897 1119 932 1177 et
963 1133 1019 1178 eas
1052 1110 1248 1179 admoveret

143 1213 325 1297 machinas,
353 1237 436 1302 quas
462 1235 532 1281 non
555 1213 621 1280 fert
641 1235 720 1281 usus
743 1213 885 1283 dicendi.
919 1213 1040 1302 Neque
1061 1213 1114 1281 his
1136 1237 1246 1302 neque

143 1318 212 1384 aliis
244 1317 420 1385 machinis.
443 1340 538 1408 opus
591 1317 680 1383 Nam
714 1316 834 1384 eadem
861 1317 936 1408 ipsa
967 1317 1088 1399 verba,
1125 1317 1246 1405 quibus

143 1422 346 1487 contrarium
378 1443 480 1510 quam
506 1418 751 1488 Demosthenes
786 1419 899 1486 testari
926 1419 1014 1487 visus
1040 1429 1091 1487 est
1115 1419 1246 1510 Lysias,
1301 1424 1308 1450 '

143 1524 170 1591 si
194 1524 289 1591 aliter
312 1524 543 1615 interpretem,
569 1531 699 1590 tantum
724 1523 820 1590 abest
842 1530 879 1589 ut
904 1531 1094 1614 repugnent
1116 1522 1245 1591 Demo-

143 1624 270 1693 sthenis
305 1626 415 1714 dicto,
453 1635 491 1694 ut
522 1625 558 1692 id
592 1626 692 1693 etiarn
724 1619 933 1698 confirment.
986 1626 1142 1693 Recitata
1166 1626 1245 1718 iege

144 1752 185 1798 ex
210 1729 330 1797 tabulis
364 1729 554 1820 Areopagi,
572 1751 628 1821 p.
655 1726 716 1809 94,
753 1725 813 1795 al.
848 1729 907 1820 (p
935 1727 994 1796 31.
1022 1729 1075 1796 ed.
1102 1728 1244 1820 Reislr.)

143 1834 189 1899 ita
215 1833 378 1919 loquitur.
412 1825 585 1918 ἄκουενε,
613 1826 641 1903 oi
667 1828 814 1925 ανδρες,
845 1828 904 1903 ὅτι
932 1826 1034 1924 αὐτῷ
1057 1830 1111 1926 τῷ
1138 1834 1244 1904 δικα-

144 1933 289 2062 orqpr'p
311 1962 361 2028 τῳ
393 1938 429 2017 ἐξ
460 1929 608 2029 ’Λρείον
641 1959 851 2026 noyon„
839 1929 947 2005 καὶ
981 1927 1139 2028 πατριόν
1165 1938 1243 2007 ἐστι

142 2036 201 2107 καὶ
227 2033 289 2130 ἐφ
305 2035 418 2128 ὑμῶν
444 2032 667 2109 ἀποδέδοται
685 2035 755 2107 τοῦ
778 2029 895 2131 φόνου
922 2029 987 2115 ταῖς
1013 2035 1110 2115 δι’κας
1137 2029 1243 2108 draci-

143 2149 233 2228 ζιιν,
260 2137 456 2236 διαρρήδην
483 2141 624 2261 εἴρηται
650 2137 786 2210 ’τοῦτον
805 2165 856 2233 μη
874 2131 1154 2230 καταγινώσκειν
1175 2131 1244 2262 φό-

143 2268 220 2330 νου,
248 2241 286 2320 ὃς
313 2240 358 2312 ἄν
383 2241 440 2313 ἐπι
463 2234 625 2364 δάμαρτι
645 2239 691 2329 τῇ
709 2241 846 2313 ἑαυτοῦ
865 2267 998 2330 μοιχον
1014 2233 1135 2334 λαβών
1153 2234 1244 2313 ταῦ-

143 2370 207 2441 την
234 2371 301 2436 την
327 2344 507 2437 τιμωριαν
537 2336 742 2454 ποιήσηται.
794 2344 1002 2436 Ambiguum
1028 2343 1169 2412 verbum
1195 2352 1247 2412 est

144 2442 389 2531 αἀοδέδοται,
418 2445 511 2536 quod
534 2456 567 2514 et
592 2438 781 2515 redditum
806 2456 862 2515 est
882 2447 1064 2539 significat,
1091 2455 1126 2513 et
1151 2445 1245 2536 quod

143 2549 316 2616 Romani
308 2550 386 2616 ruris
413 2550 552 2618 consulti
580 2549 693 2617 dicunt
720 2549 896 2642 competit
946 2549 1031 2618 Vtro
1057 2549 1245 2642 significatu

143 2651 271 2719 dictum
301 2661 405 2731 esset,
445 2653 520 2720 illos
547 2653 605 2741 qui
633 2651 813 2720 audiebant
845 2661 1017 2720 oratorem
1041 2653 1146 2720 latere
1177 2656 1244 2722 nori
1286 2673 1288 2677 ’

143 2755 270 2846 potuit:
303 2755 399 2822 nobis
426 2778 507 2823 vero
528 2755 723 2848 ambiguum
745 2755 896 2824 uideatur
920 2777 1058 2822 necesse
1086 2764 1154 2839 est,
1188 2757 1245 2845 qui
1364 2824 1366 2830 ,

142 2880 210 2925 non
225 2859 379 2946 sciamus,
394 2859 455 2926 sed
475 2871 686 2949 quaeramus,
701 2867 882 2950 ereptacne
902 2859 978 2925 iliae
994 2879 1130 2947 quoque
1147 2880 1263 2938 caus-,

56 2971 62 2977 ’
143 2984 198 3029 sae
226 2961 405 3050 aliquando
431 2963 617 3055 Areopago
644 2970 678 3029 et
703 2970 781 3053 post
805 2961 957 3030 redditae
983 2961 1057 3046 sint,
1084 2983 1126 3028 an
1149 2983 1243 3029 num·

142 3087 244 3150 quam
270 3073 417 3156 creptae.
469 3065 562 3148 Quid
588 3065 651 3132 fuit
674 3065 792 3156 igitur,
809 3088 884 3133 cur
903 3063 1016 3131 ⁴altera
1041 3063 1242 3154 interpreta-
1285 3112 1288 3119 -

142 3167 190 3232 tio
210 3167 428 3257 acciperetur,
456 3168 561 3235 altera
585 3169 687 3259 piane
707 3168 923 3236 reiiceretur?
949 3169 1027 3235 Non
1053 3165 1156 3234 estid
1177 3167 1242 3234 ob*-

143 3290 287 3339 scurum.
340 3271 429 3336 Nam
447 3270 474 3336 si
492 3293 673 3359 numquam
700 3270 812 3338 ceorlis
835 3270 957 3338 iudicia
982 3269 1142 3360 adempta
1168 3279 1243 3337 sunt

143 3371 346 3462 Areopago,
380 3372 514 3462 ineptus
534 3373 686 3441 videatur
711 3395 848 3441 necesse
874 3383 924 3442 est
951 3381 1079 3457 orator,
1106 3372 1165 3467 qui
1190 3373 1244 3440 di-

144 3483 199 3542 cat
230 3474 307 3557 istas
340 3474 549 3565 cognitiones
579 3471 621 3544 et*
644 3476 769 3568 patrias
804 3476 834 3544 ei
867 3500 940 3545 esse
975 3486 1009 3544 et
1042 3497 1103 3543 sua
1135 3485 1244 3544 aetate

144 3587 356 3669 competere,
391 3577 484 3664 quasi
511 3577 656 3647 dubitari
688 3579 811 3670 possit,
843 3602 911 3660 an,
932 3581 973 3649 ,si
1000 3579 1036 3646 id
1061 3601 1245 3667 numquam

142 3681 303 3763 nonfuit,
330 3703 418 3748 nunc
443 3702 512 3747 non
538 3683 589 3754 sit.
627 3680 789 3750 Concedo
815 3706 882 3750 non
903 3705 1007 3774 posse
1032 3683 1167 3748 nonita
1192 3683 1243 3748 vi-

143 3783 226 3872 deri,
252 3785 363 3876 primo
390 3783 528 3873 quidem
553 3775 726 3876 adspectu.
760 3785 831 3854 Sed
858 3786 1042 3854 accuratius
1068 3807 1141 3850 rem
1160 3807 1243 3852 con-

143 3887 300 3954 sideranti
326 3910 422 3955 secus
448 3911 522 3956 esse
547 3887 735 3981 apparebit.
768 3888 929 3958 Defendit
950 3911 986 3956 se
1003 3888 1043 3972 is,
1067 3887 1124 3975 qui
1143 3887 1243 3954 adul·
1311 3913 1317 3929 ·

142 3999 251 4057 terum
276 3990 504 4079 interfecerat,
547 3992 625 4084 lege
658 3993 842 4084 Areopagi
894 3990 984 4059 lilius
1016 3991 1118 4081 igitur
1148 3989 1294 4082 legisle
1393 4076 1398 4084 .

144 4102 268 4182 quanta
290 4093 413 4160 debeat
439 4096 617 4163 auctoritas
643 4117 716 4163 esse
746 4104 783 4162 ut
808 4093 980 4180 ostendat,
1021 4095 1243 4185 Areopagum
1313 4116 1315 4120 “

142 4176 224 4264 inid
252 4220 324 4265 esse
350 4195 510 4264 iudicium
536 4197 633 4282 dicit,
675 4196 729 4265 cui
763 4205 797 4265 et
831 4197 976 4289 patrium
1002 4196 1044 4264 sit
1069 4195 1113 4264 de
1139 4196 1244 4264 caede
1338 4198 1342 4208 ’

142 4299 308 4386 iudicare,
348 4309 382 4367 et
415 4322 503 4368 nunc
537 4322 673 4390 quoque
703 4323 744 4368 ea
768 4309 916 4393 potestas
938 4307 1119 4393 competat.
1173 4299 1244 4368 Cur
1319 4306 1321 4310 ’
