2918 4890
166 291 210 355 86
504 283 565 343 DE
603 279 882 343 PARTICVLA
903 276 950 344 ίίν

221 474 337 574 ἤματί
355 504 374 546 ιι
405 475 553 568 εἰνοστῳ
540 471 729 568 Σχερίην
745 469 954 594 ἐρίβωλον
936 496 1051 542 ιιιοιτο
1060 525 1073 559 ,

224 575 427 675 &aeduus
409 604 443 657 ες
457 583 564 670 γαῖαν
572 630 586 665 ,
614 604 649 649 οι
639 573 833 666 ’ἀγχίθεοι
849 567 1037 666 γεγάασιν·

222 710 257 756 οι
248 683 335 754 ”ιιέν
352 706 419 772 μιν
430 679 519 807 περί
525 679 608 775 ιιῆρι
626 672 716 751 θεον
732 677 777 758 ὡς
791 671 1027 770 τιμήσουσιν,

221 786 429 879 πέμψουσιν
449 779 519 855 δ’
501 809 539 855 εν
555 794 611 880 νηὶ
602 781 764 910 φίλτρ’
749 807 784 861 ες
798 779 958 875 πατρίδα
974 807 1092 873 γαιαν

170 941 218 1009 nt
235 948 262 1022 ε.
285 937 371 1006 εει.
399 936 449 1026 (ι.
465 933 570 1025 use.)

224 1117 344 1184 ωμοσε
361 1089 399 1162 δέ
415 1115 505 1212 προς
518 1083 581 1182 ἐμ
596 1081 727 1164 αὐτόν,
756 1083 1022 1160 ἀποσπένδων
1003 1086 1055 1160 ενί
1068 1091 1169 1182 οἴκῳ,

224 1196 292 1292 νῆα
309 1185 571 1289 κατειρύσθαι,
598 1190 657 1263 ναί
673 1192 849 1286 ἐπαρτέας
866 1187 988 1283 ἔμμεν
1004 1190 1183 1288 ἑταίρους,

225 1325 259 1370 οι
248 1291 317 1395 δή
330 1325 396 1390 μιν
413 1297 601 1389 πέμψουσι
615 1293 757 1391 φίλιμ’
739 1321 773 1375 ες
787 1295 948 1392 πατρίδα
965 1323 1083 1389 ραιαν

174 1452 288 1525 Sede.
302 1449 388 1521 1⁴1.

224 1600 269 1679 ου’
286 1598 354 1734 γρίρ
373 1628 440 1696 μοι
457 1597 558 1698 ποίρα
573 1600 652 1698 νῆες
669 1595 884 1730 ἐπήρετμοι
885 1599 944 1672 ιιαί
964 1606 1124 1696 ἑταῖροι,

228 1714 268 1781 οὶ
280 1709 339 1780 ιιέν
354 1732 421 1798 μιν
436 1707 615 1797 πέμποιεν
632 1699 691 1779 ἐπ’
711 1699 817 1800 εὐρέα
833 1703 931 1776 νοίτα
951 1697 1142 1803 θαλάσσης.

174 1843 288 1947 Natu
279 1901 312 1945 1n
333 1876 563 1968 superioribus
585 1875 667 1944 locis
692 1872 735 1943 de
757 1897 798 1942 eo
820 1875 985 1964 loquitur
1012 1878 1106 1964 quod
1129 1879 1171 1945 sit
1194 1877 1287 1945 futu-

173 2005 267 2064 rum3
293 1981 350 2048 hic
367 1989 479 2064 autem
500 1980 544 2047 de
560 2002 621 2069 eo,
647 1976 742 2069 quod
755 2000 823 2046 uon
842 1980 883 2047 sit
905 1978 1066 2068 futurum,
1091 1981 1153 2048 sed
1171 1994 1290 2072 posset
1403 2007 1406 2012 ·

174 2085 266 2174 fieri,
294 2086 321 2152 si
343 2083 476 2152 adesset
497 2083 600 2153 navis.
653 2083 771 2170 ltaque
796 2081 853 2150 hic
877 2082 991 2150 futuro
1012 2106 1079 2151 non
1092 2093 1186 2152 recte
1209 2108 1289 2154 usus

176 2194 281 2258 essett
307 2188 369 2256 illis
389 2197 501 2255 autem
515 2187 549 2254 in
563 2187 664 2270 locis,
690 2185 752 2255 etsi
774 2186 926 2278 optativo
950 2187 999 2254 uti
1023 2189 1151 2278 potuit,
1177 2198 1290 2256 tamen

176 2291 424 2363 convenientius
447 2300 538 2372 erat,
563 2290 712 2357 futurum
731 2290 826 2380 poni.
878 2290 959 2357 Non
981 2290 1025 2357 ita
1050 2300 1129 2382 apte
1154 2293 1289 2360 coniun-

176 2396 300 2462 ctivum
333 2395 518 2484 posuisset,
559 2415 628 2481 quo
662 2392 897 2483 significasset,
933 2392 994 2484 qui
1021 2416 1101 2463 eum
1133 2393 1291 2464 debeant

178 2498 373 2566 deducere.

261 2597 352 2667 'Sed
370 2595 551 2664 dicendum
569 2595 625 2664 hic
643 2603 694 2664 est
716 2595 760 2664 de
782 2595 942 2688 singulari
965 2620 1093 2690 genere
1115 2599 1290 2689 loquendi,

178 2701 271 2794 qued
284 2700 447 2777 iuvenitur
464 2698 589 2790 Odyss.
605 2727 636 2771 ιι.
649 2697 736 2767 532.

230 2839 275 2969 δή
290 2866 359 2945 τότ
367 2865 517 2944 ’ἐπειδ
513 2863 721 3000 ετρίροισιν
739 2869 937 2966 ἐποτρῦναι
955 2869 1016 2943 ιιαί
1032 2866 1188 2963 οίνωξαι,

229 2975 347 3070 μῆλα,
374 3001 422 3046 τα
414 2967 485 3069 διί
498 2969 679 3046 κατέκειτ’
696 2974 905 3068 ἐσφαγμένα
912 2975 1026 3073 νηλέι
1043 2975 1181 3073 χαλινῷ,

231 3077 421 3174 δείραντας
436 3081 642 3166 ιιαταιιείαι,
669 3069 891 3159 ἐπεύξασθαι
909 3077 948 3151 δέ
966 3083 1117 3151 θεοῖσιν.

178 3245 340 3318 Nondum
371 3245 460 3312 enim
487 3252 652 3313 mactatae
674 3256 769 3314 erant
797 3269 897 3331 oves,
931 3247 994 3315 sed
1016 3249 1156 3339 exponit
1182 3247 1291 3338 Circe,
1348 3234 1351 3239 ¹

136 3384 141 3394 ·
180 3350 264 3442 quid
281 3348 474 3416 faciendum
487 3349 524 3415 iis
545 3349 602 3431 sit,
627 3350 686 3417 ubi
707 3359 871 3418 mactatae
893 3349 1025 3420 luerint.
1076 3352 1195 3441 ltaque
1218 3353 1291 3441 quis

179 3477 247 3523 nou
273 3460 446 3543 exspectet
471 3452 737 3538 coniunctium,
776 3476 922 3551 eumque
946 3454 1019 3539 ¹siue
1043 3455 1206 3548 particula
1230 3453 1290 3541 σίν,

180 3557 260 3647 quia
275 3555 357 3624 nihil
373 3555 430 3624 hic
445 3555 562 3622 incerti
575 3565 643 3643 est,
670 3580 781 3647 neque
793 3548 1027 3649 quaecumque
1044 3580 1141 3643 oves,
1168 3555 1227 3625 sed
1248 3558 1292 3624 il-

180 3661 236 3728 lae
266 3660 377 3751 ipsae,
404 3681 487 3748 quas
510 3667 609 3726 antea
632 3660 772 3727 mactari
792 3661 948 3748 iusserat,
980 3660 1122 3752 intelligi
1141 3658 1293 3729 debent?

179 3760 405 3831 Nihilominus
421 3772 514 3829 recte
532 3761 712 3830 indicativo
733 3764 907 3854 praetenti
926 3786 1005 3831 usus
1020 3771 1079 3831 est.
1131 3763 1211 3832 Non
1230 3765 1293 3831 ab·

178 3865 295 3934 horret
317 3866 405 3933 enim
422 3865 466 3932 ab
491 3887 554 3933 usu
577 3865 806 3956 Graecorum,
839 3889 944 3955 quum
969 3866 1052 3955 quid
1067 3855 1228 3959 lingunt,
1261 3875 1295 3934 et

180 3969 303 4037 deinde
319 3967 400 4056 quid
417 3990 523 4059 porro
539 3968 688 4037 futurum
711 3970 752 4037 sit
775 3969 919 4057 addunt,
945 3971 1025 4038 licta
1045 3970 1103 4038 illa
1120 3993 1184 4061 per
1200 3969 1294 4038 indi-

181 4073 328 4140 cativnm
346 4071 535 4162 praeteriti,
560 4081 733 4161 tamquam
748 4073 775 4141 si
791 4095 871 4143 vere
882 4074 951 4140 iam
963 4074 1171 4161 accidissent,
1198 4096 1294 4140 com-

180 4196 380 4244 memorare.
433 4173 545 4265 Fingit
558 4174 613 4241 hic
637 4170 753 4261 Circe,
779 4185 940 4245 mactatas
956 4201 1030 4246 esse
1045 4200 1143 4261 uvea,
1168 4186 1206 4245 ut
1223 4177 1294 4244 ius-

180 4288 279 4347 serat.
329 4269 452 4366 ltuque
478 4277 571 4365 quod
601 4278 697 4366 dicit,
731 4279 758 4348 si
783 4280 977 4372 explicatius
1010 4281 1158 4351 indicare
1190 4281 1294 4367 voles,
