2918 4890
211 283 276 345 862
460 281 750 346 lncntotssluvtt
773 285 887 346 LIBER
908 286 1059 349 PRIMVS.

162 461 210 532 ²1
264 466 309 566 ἢν
331 471 370 542 δε
396 464 607 597 Νεμειὴταο
634 472 721 570 πέλη
748 501 841 546 κατα
868 471 985 568 ἄστρα
1013 475 1177 566 λε’,οντος

264 574 300 644 εἰ
321 572 390 665 μέν
411 571 468 645 ini
491 571 617 690 προέτῃ
644 571 707 671 ηὀῖ
729 569 912 670 δρόμον
894 571 1094 666 εντένειιν,

261 667 428 769 itinerar,
456 671 542 747 οὐδέ
563 703 629 767 μιν
655 674 758 758 αὖτις
783 680 951 771 ἐφέστιον
978 679 1035 753 οἷο
1060 679 1216 764 ἄνοντος

261 770 435 874 α’θρήσιις
461 771 675 872 θεράποντα
702 775 942 904 ρομόπτολιν·
976 809 1007 853 ιι
1004 780 1132 856 ’δέκ’
1149 789 1187 858 ἐν
1218 782 1286 880 ἠοῖ

260 878 430 975 δεοτατέῃ
456 882 601 974 αἴροιτό
628 877 762 979 φυγήν,
786 879 829 957 οὐ
855 877 976 955 πάντα
1007 886 1160 960 τελέσοιι

260 975 513 1080 δρησμοσύνης.

207 1134 254 1202 Et
273 1161 304 1206 ει
298 1134 463 1225 quidem
489 1144 609 1227 postea
630 1137 774 1230 cognovi
800 1160 821 1204 a
848 1137 1025 1229 Spitznero
1048 1163 1184 1230 quoquc
1208 1143 1321 1210 resti-

207 1246 316 1306 tutum
347 1260 437 1318 esse,
472 1261 493 1304 a
517 1262 585 1328 quo
606 1241 663 1328 qui
686 1241 817 1331 accepit
843 1240 1067 1328 Gerhardius,
1103 1265 1170 1310 non
1192 1252 1322 1313 tamen

206 1341 317 1408 omnia
332 1341 533 1433 persanavit.
585 1340 670 1409 Mox
686 1344 800 1435 pergit
813 1342 1033 1412 Schacferus:
1063 1345 1321 1430 „Praecidec

195 1441 288 1537 sore
313 1443 489 1533 quitatio
512 1443 693 1513 citerioris
720 1446 949 1515 Graecitatis
969 1449 1131 1538 propria
1152 1448 1321 1520 dicant.-

205 1546 273 1635 sed
306 1545 345 1612 tn·
378 1544 515 1628 sciant,
562 1545 673 1614 etiam
704 1547 740 1613 in
774 1549 1026 1615 vetustissimis
1060 1545 1320 1638 scriptoribus

203 1647 372 1739 exempla
393 1645 498 1714 huius
520 1648 798 1716 constructionis
818 1648 906 1716 mitri
932 1648 1147 1717 occurrisse.
1207 1649 1320 1750 Hip-

198 1759 391 1844 pacrates,
419 1757 460 1816 nt
476 1747 546 1816 hoc
568 1758 675 1835 utar,
708 1749 807 1819 Sect.
827 1750 857 1818 I.
878 1774 917 1843 p.
937 1751 979 1831 9,
1006 1748 1064 1818 18.
1091 1752 1149 1822 ed.
1177 1749 1319 1821 Fran-

204 1851 335 1947 cosort.
369 1846 480 1918 1595.
514 1848 559 1946 ἦν
592 1878 647 1932 τις
680 1851 876 1948 ἐπιχειροίη
910 1853 1035 1944 λέγειν.
1045 1855 1074 1890 “
1125 1853 1320 1944 teguntur

202 1956 289 2024 haec
309 1954 413 2024 verba
432 1976 498 2022 non
519 1954 621 2046 longe
636 1956 833 2048 aprincipio
856 1954 932 2022 libri
946 1954 990 2022 de
1003 1956 1107 2023 veteri
1122 1955 1318 2040 medicina,

203 2060 267 2130 voi
282 2059 307 2126 Ι.
323 2083 359 2150 p.
378 2055 439 2127 23.
452 2055 517 2124 ed.
533 2057 627 2148 Lips.
678 2059 757 2126 Non
778 2080 915 2125 usurum
936 2057 1037 2125 fuisse
1056 2057 1125 2126 hoc
1140 2063 1317 2152 exemplo

202 2161 377 2242 dicebam,
404 2160 431 2227 si
452 2159 602 2250 inspecta
627 2157 756 2227 Mackii
778 2160 923 2228 editione
946 2183 988 2227 ex
1008 2159 1110 2234 codd.
1129 2171 1316 2232 enotatam

203 2264 339 2333 vidisset
358 2285 472 2331 veram
488 2262 685 2353 scripturam
700 2264 889 2357 ἐπιχωρίῃ,

222 2518 280 2587 nm
300 2414 438 2586 ng,
463 2416 503 2488 P.
519 2414 579 2484 so.
612 2393 800 2483 lnLithic'is
816 2411 960 2506 orpha
974 2358 1103 2482 acutis
1120 2415 1316 2507 regebatur

200 2541 223 2587 0
303 2540 335 2586 V.
439 2567 448 2585 .

249 2665 343 2764 αἶψα
365 2661 435 2766 peip
461 2661 585 2766 ἡρώων
611 2692 697 2759 σφιν
719 2668 907 2761 ἐπέρχεται
934 2664 1027 2748 εἶδος
1047 2661 1209 2759 circadis,

249 2780 327 2847 οἵτε
352 2772 447 2846 θεοῦ
466 2773 559 2864 μέγα
589 2770 704 2866 δῶρον
729 2770 972 2862 ἐπισταμένως
999 2773 1187 2867 φορέουσι.

124 3014 126 3018 ¹
198 2927 252 2994 De
267 2924 320 2994 his
340 2925 486 2994 versibus
503 2925 550 2993 sic
567 2923 714 3014 scripsitz
737 2969 759 3008 ,‚
770 2921 1005 2991 Hermannus
1021 2945 1137 3016 nuper
1154 2924 1310 2997 edidit:

250 3083 292 3149 οἴ
315 3103 353 3150 rs
372 3076 466 3150 θεοῦ
490 3077 583 3167 μέγα
606 3074 722 3170 δῶρον
748 3075 990 3166 ἐπισταμένως
1017 3075 1207 3171 accinctu.

197 3226 278 3297 Sed
301 3250 414 3320 neque
439 3234 536 3316 circ,
568 3248 682 3318 neque
711 3231 753 3296 οἵ
773 3252 811 3298 ιε
828 3225 975 3318 patitur
1010 3252 1034 3297 a
1061 3228 1148 3296 sede
1173 3232 1308 3300 nomi-

194 3331 269 3417 nis,
295 3331 349 3400 ad
370 3332 467 3424 qaod
481 3328 661 3423 refertur,
688 3328 762 3399 sive
776 3329 940 3422 expressi
954 3329 1063 3414 iliius,
1090 3352 1152 3425 seu
1163 3340 1206 3400 ut
1220 3332 1307 3424 hic,

195 3432 437 3524 ἐλλείποντος,
471 3443 548 3503 tarn
577 3433 694 3525 longa
720 3431 994 3525 intercapedine
1020 3433 1162 3501 dirimi:
1192 3441 1308 3526 qaod

193 3536 311 3605 minas
342 3537 453 3606 etiam
485 3536 592 3616 iicet,
619 3558 650 3604 ει
642 3535 902 3628 praecedant
922 3535 1158 3628 pronomina,
1195 3560 1306 3629 qna

194 3639 248 3709 lia
274 3639 335 3708 hic
362 3635 502 3725 adonin,
529 3639 634 3735 σφιν,
658 3638 711 3706 ad
731 3637 829 3707 idem
844 3660 971 3707 nomen
989 3637 1200 3733 reserenda
1243 3643 1306 3714 Id

195 3741 380 3812 Gesnerus
403 3741 550 3811 videtur
568 3741 742 3830 sensisse,
773 3747 850 3814 οἵτε
874 3750 1018 3812 vertens
1044 3750 1078 3810 et
1092 3741 1138 3811 hi.
1177 3730 1305 3816 Scri-

143 3939 146 3943 .
194 3844 350 3915 bendum
370 3844 554 3915 lenissima
578 3844 795 3914 mutatione:

244 4001 282 4070 si
301 4024 341 4090 ys
365 3997 458 4070 θεοῦ
482 3997 574 4090 μέγα
601 3994 716 4091 δοῖρον
743 3995 985 4086 ἐπισταμένως
1011 3995 1197 4090 φορέουσι.

192 4149 351 4243 Saepius
377 4146 532 4242 confusa
551 4150 586 4220 si
610 4156 645 4217 et
671 4151 744 4219 oi.“
781 4146 877 4214 Haec
904 4145 987 4213 mihi
1013 4146 1165 4214 exomni
1188 4165 1304 4241 parte

191 4276 312 4323 aveto
338 4252 521 4322 abhorrere
535 4250 741 4322 videbantur.
793 4251 881 4318 Nam
904 4255 980 4322 οἵτε
1002 4257 1036 4318 et
1057 4255 1097 4320 oi
1117 4277 1154 4323 νε
1183 4275 1304 4343 quam
