2918 4890
448 240 926 351 ursssu‘uuu'ro
1186 298 1250 361 eso

140 473 263 562 Neque
287 474 375 541 enim
399 473 673 568 distinguendum
691 477 842 566 videtur,
869 474 1050 568 ὁπλιτῶν,
1077 484 1247 577 πρυλέων

142 575 431 668 Cynegeticorum
444 581 588 670 scriptor
603 591 714 650 autem
721 604 787 673 pro
798 528 954 649 cdnfertis
967 586 1082 674 posuit
1089 586 1147 654 111
1165 586 1249 658 12⁴.

766 746 823 790 τοι
817 714 916 790 “’”δ
891 746 964 813 αρα
981 720 1093 793 δειλοὶ

243 821 360 905 τεῖχος
375 813 440 889 ὑπ’
457 813 678 914 ου’πτέρυγον
693 822 841 912 πρυλέες
855 821 1018 917 τρέζουσι
1033 823 1186 896 νεοσσοί.

140 951 210 1020 Sed
230 963 399 1044 praestat,
433 977 474 1021 ex
493 955 588 1045 ipso,
615 956 642 1023 si
662 957 737 1024 fieri
761 966 892 1048 potest,
919 959 1071 1027 Homero
1095 963 1246 1052 explica-

139 1058 267 1123 tionem
282 1066 412 1148 petere.
465 1057 497 1124 ls
521 1081 563 1124 eo
580 1059 767 1142 vocabulo,
793 1071 932 1151 praeter
947 1085 1026 1129 eum
1042 1063 1158 1130 locum
1169 1067 1227 1154 qni

139 1168 190 1225 est
206 1158 250 1227 de
267 1161 368 1251 galea
383 1160 570 1249 Minervae,
596 1170 648 1228 ter
664 1185 741 1230 usus
755 1162 928 1230 iuvenitur.
980 1165 1075 1239 lliad.
1091 1168 1166 1234 ΧΠ.
1183 1168 1243 1234 tt.

138 1262 354 1350 Polydamas,
376 1264 535 1352 quoniam
549 1287 654 1352 equos
669 1266 874 1356 perfossam
883 1267 1093 1335 Graecorum
1105 1270 1245 1361 adigere

137 1367 365 1454 periculosum
382 1388 458 1451 esse
473 1366 583 1451 videt,
609 1367 696 1435 haec
712 1369 847 1437 suadet.

241 1509 370 1583 ἵππους
387 1503 456 1595 μέν
474 1495 735 1622 θεράποντες
718 1497 918 1597 ερυιιόντων
934 1502 990 1576 ἐπὶ
1008 1498 1154 1603 τάφρῳ,

241 1631 350 1677 αυτοι
342 1604 404 1678 δέ
422 1607 567 1700 πρυλέες
585 1631 650 1677 συν
664 1600 806 1694 τεύχεσι
823 1608 1079 1701 θωρηχθέντες

233 1704 388 1804 Ἒιιτορι
406 1703 537 1788 πάντες
552 1700 719 1799 ἑπώμεθ’
746 1704 899 1821 άολλέες.

136 1858 182 1924 Et
196 1858 271 1926 Ιιοο
280 1859 419 1948 quidem
434 1861 512 1928 loco
527 1861 753 1953 grammaticis
768 1861 945 1952 pedites
916 1861 975 1930 usi
994 1873 1071 1930 sunt
1086 1886 1242 1932 necessa-

135 1961 185 2028 rio
202 1962 409 2054 intelligendi
424 1987 507 2032 esse.
546 1964 710 2032 Geminus
723 1962 803 2031 huic
818 1973 869 2031 cst
880 1964 963 2032 alius
976 1965 1010 2031 iu
1021 1966 1079 2034 xl.
1094 1990 1115 2032 a
1128 1990 1159 2038 v.
1178 1967 1240 2039 41.

241 2113 377 2210 ηνιόχῳ
392 2116 461 2208 μὲν
475 2116 602 2188 ἔπειτα
622 2122 666 2210 ἑῳ
654 2115 908 2190 ἐπέτελλεν
887 2142 1034 2212 ειιᾳστος

243 2225 371 2298 ἵππους
385 2245 426 2290 ευ
443 2211 539 2290 κατά
551 2211 688 2337 κόσμοι
704 2220 874 2313 ἐρυκέμεν
887 2213 980 2290 αυθ
994 2216 1051 2290 ἐπὶ
1064 2212 1211 2314 τάφρῳ·

238 2316 345 2391 αὐτοι
337 2319 404 2440 βέ
422 2321 569 2414 πρυλέες
585 2346 650 2392 συν
665 2314 808 2410 τεύχεσι
826 2322 1076 2442 θωρηχθέντες

237 2417 390 2518 ῥώοντ’·
415 2420 590 2514 ἄσβεστος
603 2422 642 2495 δέ
653 2415 727 2551 βοη
740 2423 843 2515 γένει
850 2419 972 2518 ’ἠῶθι
987 2417 1069 2518 πρό.

237 2519 342 2618 φθάν
362 2525 401 2598 δέ
401 2520 500 2617 μέγ
514 2519 655 2619 ἱππήων
670 2525 728 2598 ἐπι
744 2521 871 2622 τάφρῳ
888 2527 1147 2622 κοσμηθέντες·

236 2624 416 2723 ἱππῆεςιῖ
434 2623 803 2737 ὀλέγονμετειιῖαθον.

133 2781 242 2848 Huius
266 2780 334 2848 loci
357 2781 535 2873 explicatio
549 2780 679 2875 pendet
700 2779 865 2872 exprimo
882 2749 1000 2864 uersu,
1028 2801 1128 2868 quem
1148 2790 1240 2847 recte

65 2880 70 2887 ’
132 2885 367 2974 interpretatus
386 2894 437 2953 est
450 2884 662 2952 scholiastes.
678 2885 737 2972 qui
751 2905 839 2972 quac
854 2881 998 2972 scripsit,
1008 2881 1055 2948 ita
1070 2891 1145 2949 sunt
1160 2905 1238 2974 cor-

133 2986 296 3078 rigenda.
332 2980 580 3079 ἐντειλάμενοι
603 2992 680 3067 τοῖς
702 2980 860 3081 ηνιόχοις
882 2991 917 3054 οἱ
940 2978 1198 3078 παραβάται’
1181 3012 1239 3057 επι

133 3089 180 3184 τῇ
209 3083 338 3184 τάφρῳ
366 3116 431 3163 συν
463 3117 539 3169 τοις
564 3096 686 3168 ἵπποις
707 3085 901 3180 άναμένιιν
926 3080 1074 3168 αὐτούς,
1107 3092 1145 3158 ἵν
1166 3085 1238 3179 ὅσῳ
1288 3090 1294 3103 ”
1345 3130 1348 3136 ·

138 3217 220 3270 τοις
242 3198 370 3271 ἵππους
384 3197 514 3265 ειεῖνοι
529 3185 753 3282 ζευγνάουσι,
778 3217 837 3260 ααι
855 3184 962 3260 αυτοὶ
981 3185 1058 3280 οἶμα
1074 3194 1150 3268 τοῖς
1169 3216 1238 3261 πε-

134 3297 204 3377 ζοις
224 3293 454 3385 διαβαίνουσι
474 3288 542 3388 τήν
563 3287 730 3387 τάφρον,
757 3291 817 3363 ταὶ
833 3295 965 3364 ἐκεῖνοι
981 3286 1069 3382 μετ’
1085 3316 1128 3362 ου
1121 3285 1239 3364 πολυ

133 3389 480 3488 καταλαμβάνουσιν
498 3393 576 3488 ἅμα
598 3401 674 3474 τοῖς
700 3401 831 3473 ἵπποις.
884 3393 999 3461 Videri
1017 3401 1157 3484 possunt
1180 3393 1237 3461 hic

134 3521 270 3588 quoque
292 3497 425 3591 pedites
445 3498 527 3566 dici:
553 3496 615 3566 scd
636 3506 750 3564 tamen
763 3518 827 3563 nec
849 3496 1027 3564 necessitas
1044 3496 1112 3563 ulla
1133 3496 1237 3587 cogit,

133 3603 212 3690 quia
236 3603 336 3670 ctiam
361 3603 387 3670 si
411 3602 513 3693 plane
535 3602 669 3669 abesset
688 3600 746 3667 illa
769 3620 854 3683 vox,
879 3597 976 3666 idem
993 3598 1177 3684 diceretur,
1192 3608 1238 3666 >ct

133 3707 316 3797 permirum
329 3716 397 3786 est,
425 3703 517 3795 quod
531 3704 622 3789 alibi,
648 3704 708 3793 qui
720 3702 837 3771 relicto
852 3723 951 3769 curru
965 3701 1000 3768 in
1015 3702 1088 3769 solo
1106 3708 1262 3784 stautos8

133 3809 258 3898 aliquid
281 3818 407 3900 agunt,
435 3816 625 3876 constanter
645 3805 743 3893 πεζοὶ
757 3812 929 3873 vocantur.
981 3803 1036 3870 Ex
1059 3806 1127 3893 quo
1141 3812 1234 3872 recte

133 3913 293 4002 colligere
307 3912 470 3997 videmur,
497 3911 588 3979 aliud
602 3907 792 4002 significari.
835 3908 888 3974 Ac
903 3915 1236 3998 peropportuneac-
1317 3893 1330 3919 ’
1389 3901 1394 3909 “

133 4015 231 4103 cidit,
257 4024 295 4081 ut
309 4015 443 4082 tertium
456 4014 549 4105 apud
562 4015 751 4082 Homerum
771 4011 964 4102 exemplum
984 4017 1107 4095 exstet,
1133 4008 1237 4099 idque

133 4119 240 4209 magis
255 4141 357 4206 quam
373 4119 546 4209 superiora
559 4117 616 4185 illa
630 4114 860 4208 perspicuum.
912 4110 1007 4182 lliad.
1024 4111 1117 4180 xxi.
1132 4109 1192 4182 9⁰.

226 4266 317 4362 ,ἦτοι
334 4263 401 4343 τάν
418 4239 590 4364 πρώτοισι
605 4259 705 4361 μετά
720 4265 910 4363 πρυλέεσσι
931 4257 1136 4357 δάμασσας,

162 4392 305 4460 Ἡιοιιιι.
329 4390 395 4462 01¹.
421 4390 480 4459 lV.
656 4493 659 4499 .
990 4384 1025 4452 T
