2918 4890
446 302 917 366 DlSSERTATIO.
1175 307 1239 370 ΞΜ

132 494 309 585 exemplo.⁷
352 492 405 560 lbi
425 514 499 583 cap
524 485 585 563 50.
606 515 676 582 seq.
712 492 858 562 Demeas
881 487 1010 580 orator,
1037 494 1238 584 simulatque
1367 555 1370 562 .

132 599 325 666 thesaurum
353 619 374 662 a
399 595 544 663 Timone
570 604 744 686 repertum
765 596 908 684 audivit,
935 596 1111 666 decretum
1133 598 1176 665 ab
1199 622 1235 666 se

132 703 293 792 scriptum
313 699 449 782 recitat,
484 720 536 766 ex.
553 721 621 789 quo
651 699 706 766 illc
729 722 834 789 quum
861 709 1002 792 propter
1023 699 1088 767 alia
1108 709 1235 769 temere

132 806 213 871 licta
235 803 372 888 merita,
406 811 477 868 tum
501 811 643 894 propter
666 802 828 893 plurimas
851 803 1005 872 victorias
1025 800 1235 894 Olympicas,

31 985 34 989 .
133 928 219 996 quos
242 905 340 973 ludos
358 927 401 972 ne
423 913 633 996 spectaverat
652 905 789 994 quidem
807 929 985 996 umquam,
1000 916 1114 974 'aurea
1128 915 1237 974 statua

128 1005 174 1077 ¹sit
195 1007 433 1090 honorandus3
458 1030 538 1075 mox
558 1017 671 1076 autem
690 1033 869 1101 percussus
891 1033 912 1076 a
934 1010 1095 1094 Timone,
1123 1032 1235 1077 arcem

43 1123 45 1128 '
119 1114 238 1180 abeo
261 1113 448 1197 incensam,
475 1133 662 1200 aurumque
683 1114 832 1182 ablatum
848 1113 1065 1181 vociferatur:
1089 1121 1125 1180 et
1148 1135 1236 1201 quae

133 1217 197 1282 alia
225 1213 419 1284 huiusmodi
447 1207 647 1283 facetissime
675 1215 722 1282 ibi
750 1216 917 1284 dicentem
946 1217 1027 1284 lecit
1054 1215 1234 1284 Lucienus.

133 1320 219 1388 Sunt
248 1318 315 1386 hae
342 1317 577 1408 hyperbolae,
612 1319 706 1410 quod
734 1328 768 1388 et
796 1319 957 1388 laudandi
979 1329 1014 1400 et
1035 1318 1236 1386 criminandi
1283 1364 1284 1370 κ

133 1445 251 1490 caussa
267 1445 309 1490 ea
325 1421 489 1517 dicuntur,
515 1445 604 1513 quae
614 1423 720 1512 quiris
734 1423 846 1491 rideat
864 1423 940 1515 plus
953 1445 1034 1491 vero
1048 1411 1235 1490 continere':

132 1525 292 1594 ridiculae
310 1533 422 1593 autem
437 1535 514 1593 sunt
531 1549 584 1616 eo,
611 1527 699 1614 quic,
726 1549 830 1616 quum
845 1527 952 1618 gratia
970 1526 1138 1593 conciliari
1152 1547 1236 1617 pos-

133 1631 174 1698 sit
187 1628 382 1697 extollendis
395 1651 483 1718 quae
498 1631 572 1719 quis
587 1629 716 1716 fecerit,
743 1630 927 1699 absurdum
944 1639 995 1697 est
1007 1651 1083 1697 eam
1098 1639 1236 1719 captare

131 1731 369 1825 praedicandis
393 1732 450 1819 iis,
483 1756 573 1821 quae·
596 1735 670 1823 quis
694 1755 763 1800 non
784 1733 917 1819 fecerit,
951 1757 991 1801 ac
1016 1755 1058 1801 ne
1089 1732 1238 1824 potuerit

133 1835 271 1926 quidem
293 1835 422 1904 facere:
458 1836 646 1925 eademque
667 1837 768 1904 etiam
787 1837 1051 1904 criminationum
1069 1837 1154 1904 ratio
1177 1842 1236 1904 est
1352 1854 1358 1860 ·

132 1939 331 2031 Intelligitur
348 1960 391 2005 ex
409 1939 467 2006 tali
486 1941 662 2031 exemplo,
688 1961 756 2028 qua
776 1940 966 2009 conditione
983 1939 1116 2007 mentiri
1130 1937 1238 2029 possit

124 2039 336 2133 hyperbole.
370 2041 487 2110 Potest
499 2051 582 2129 tum,
609 2065 714 2131 quum
726 2064 795 2110 non
811 2042 1018 2134 persuadere
1033 2042 1127 2131 quod
1140 2064 1262 2132 meu-³
1333 2081 1335 2091 ·

132 2147 229 2233 titur,
256 2144 317 2213 sed
329 2153 472 2234 propter
490 2144 730 2212 absurditatem
744 2145 847 2214 rideri
860 2146 939 2216 vult.
991 2144 1034 2212 ld
1050 2153 1117 2229 est,
1144 2141 1239 2232 quod

133 2249 226 2316 initio
249 2247 460 2332 dicebamus,
487 2249 800 2340 exaggerationem,
826 2249 905 2338 quia
923 2247 1016 2315 credi
1039 2246 1238 2339 postularet,

134 2374 202 2419 non
217 2373 289 2418 esse
305 2349 531 2441 hyperbolen.
585 2351 701 2435 Quare
717 2353 795 2438 etsi,
822 2352 880 2440 qui
899 2351 1077 2418 adulantur
1096 2349 1152 2416 vel
1172 2348 1238 2416 ob-

134 2461 296 2542 trectant,
325 2454 615 2546 transgrediuntur
634 2456 719 2522 fines
740 2455 830 2541 veri,
852 2478 893 2522 ac
918 2476 1022 2545 saepe
1038 2475 1133 2520 mera
1150 2455 1239 2543 'pro-

134 2552 246 2624 ferunt
266 2555 458 2642 mendacia,
491 2566 604 2626 tamen
630 2559 709 2648 quia
727 2557 835 2626 videri
855 2579 937 2625 vera
957 2556 1089 2643 dicere,
1121 2555 1149 2623 si
1171 2575 1240 2623 non

128 2661 303 2747 omnibus,
335 2669 371 2726 at
399 2661 599 2749 quibusdam
621 2662 754 2748 volunt,
788 2669 822 2728 et
845 2661 878 2728 in
900 2659 1070 2727 adulando
1100 2656 1240 2747 quidem

40 2777 44 2785 '
135 2764 335 2854 plerumque
347 2763 387 2830 iis
408 2785 494 2852 quos
510 2764 686 2832 adulantur
706 2763 800 2855 ipsiS,
824 2764 858 2830 in
877 2761 1099 2830 obtrectando
1115 2758 1289 2829 autemll

108 2948 111 2952 ι
135 2867 223 2952 aliis,
245 2889 314 2934 non
328 2874 465 2934 utuntur
482 2866 693 2958 hyperbole,
721 2866 782 2934 sed
799 2865 1060 2958 exaggeratione
1081 2863 1136 2932 vel
1152 2873 1239 2932 atte-

136 2971 310 3037 nuatione:
335 2970 370 3036 in
391 2993 459 3058 qua
473 2972 502 3038 si
517 2972 737 3054 mentiuntur,
760 2972 846 3048 sicut
866 2968 1054 3057 omnesqui
1070 2967 1239 3036 mentiun-

136 3080 203 3156 tur,
228 3073 397 3140 latiturum
414 3097 487 3142 esse
500 3074 713 3143 mendacium
728 3081 875 3164 sperant.
915 3074 1005 3141 Nam
1023 3079 1141 3162 aperte
1154 3069 1240 3138 falsa

137 3173 250 3241 dicere
272 3197 341 3242 non
363 3183 413 3243 est
434 3178 582 3264 mentiri,
620 3177 685 3246 sed·
701 3186 758 3245 aut
777 3175 915 3264 ludere,
942 3183 999 3243 aut
1022 3197 1154 3252 errare,
1182 3180 1240 3241 aut

137 3298 204 3343 non
219 3300 319 3345 sanae
333 3280 453 3357 mentis
468 3303 551 3348 csse.

134 3504 136 3507 .
240 3429 396 3498 Revocat
412 3431 480 3502 hoc
498 3432 582 3502 mihi
595 3432 630 3500 in
644 3439 792 3499 mentem
806 3454 865 3517 ea,
892 3447 980 3519 quae
995 3445 1104 3519 nuper
1123 3426 1167 3494 de
1186 3427 1241 3492 iu·
1355 3495 1359 3503 Α

139 3532 231 3600 diciis
251 3534 459 3624 capitalibus,
475 3559 563 3627 quae
577 3535 765 3626 Areopago
778 3533 955 3626 Ephialtes
976 3529 1145 3623 eripuerit,
1172 3528 1242 3597 dis-

137 3645 255 3727 putata
275 3647 359 3706 sunt.
405 3641 518 3708 Recto
542 3639 576 3707 in
593 3661 634 3706 ea
647 3661 685 3706 re
702 3647 803 3728 atque
815 3637 1010 3727 incorrupto
1023 3633 1148 3700 iudicio
1162 3654 1241 3700 usus

139 3749 190 3807 est
208 3732 298 3807 Petr.
322 3739 411 3811 Guil.
433 3741 806 3831 Forchhammerus,*)
833 3762 938 3829 quum
957 3759 1031 3805 rem
1053 3733 1274 3803 confectam

140 3843 266 3911 censuit
286 3843 546 3915 luculentissimo
562 3845 752 3914 testimonio
766 3841 1021 3929 Demosthenis,
1049 3837 1141 3906 cuius
1156 3837 1243 3905 haec

224 4146 254 4231 *)
297 4149 371 4210 Post
386 4148 468 4209 hunc
483 4150 572 4210 etiam
586 4123 638 4208 alii
652 4147 757 4210 dehac
772 4165 879 4207 caussa
887 4143 1090 4223 disputarunt,
1113 4154 1243 4217 quorum

140 4234 178 4295 de
198 4235 353 4296 sententiis
376 4234 465 4296 docte
484 4235 625 4296 disseruit
651 4235 719 4293 Gar.
742 4233 792 4293 Fr.
812 4231 1000 4292 Hermannus
1021 4225 1053 4285 in
1070 4221 1245 4284 ¹Annalibus

139 4320 440 4402 Heidelbergeusibus
455 4342 481 4382 a.
497 4323 589 4388 1830.
605 4319 677 4380 lasc.
696 4317 759 4382 VII.
777 4338 808 4399 p·
821 4317 1014 4383 689-701.
1034 4370 1036 4376 .
