2918 4890
582 315 670 377 LIB.
694 313 715 376 Ι.
760 315 909 384 CARS.
1161 385 1167 395 ,
1239 321 1281 384 ⁸1

166 508 308 578 fortuito
324 500 435 576 factae
458 502 536 574 non⁴
549 505 650 574 solius
665 506 837 597 praeteriti
855 501 1018 603 temporis
1032 509 1190 600 propria,
1217 510 1281 579 sed

168 612 355 680 communis
368 619 560 701 temporum
570 612 720 678 omnium
733 633 806 678 esse
818 611 1034 695 existimetur,
1047 635 1150 703 supra
1166 623 1281 682 osten·
1327 634 1329 640 ⁴

169 716 290 782 dimus.
344 713 450 798 Quod
467 713 494 780 si
513 713 540 780 is
556 735 634 781 usus
656 714 690 780 in
708 722 886 806 praesente
904 721 938 782 et
954 715 1068 782 futuro
1089 724 1160 783 tam
1175 740 1281 806 rarus,

169 841 274 909 quam
294 817 455 905 frequens
474 815 510 882 in
530 817 716 907 praeteritis
737 827 806 906 est,
833 839 901 885 non
917 816 1018 886 estid
1036 819 1176 890 mirum:
1200 843 1281 889 nar-

167 922 316 989 rationes
328 920 416 988 enim
428 919 501 986 fere
516 919 550 985 in
565 920 752 1012 praeteritis
765 929 948 992 versantur.
973 921 1045 989 Sed
1059 945 1165 1012 quum
1182 925 1282 993 ctiam

168 1023 362 1118 praesentia
378 1023 559 1111 futuraque
575 1025 702 1091 narrari
715 1023 860 1114 possint,
885 1045 956 1090 non
969 1032 1097 1094 temere
1111 1026 1281 1120 damnem,

169 1126 279 1196 sicubi
295 1127 396 1194 ctiam
417 1148 496 1193 cum
513 1122 566 1193 his
584 1128 813 1218 temporibuS,
839 1148 881 1193 ea
903 1126 1042 1217 quidem
1064 1129 1144 1222 lege
1166 1133 1283 1220 quain

168 1229 371 1323 praeteritis,
399 1226 445 1300 du
466 1229 681 1296 coniunctum
695 1230 892 1321 reperiatur.

275 1333 375 1400 Nunc
388 1331 527 1421 quidem
541 1354 611 1400 non
623 1332 685 1400 nisi
697 1332 847 1401 nnumin
864 1338 1029 1423 promptu
1042 1328 1157 1402 habeo
1170 1355 1282 1404 exem·

168 1437 287 1556 plum,
313 1434 417 1555 idque
437 1435 537 1503 valde
559 1435 700 1503 dubium
710 1435 841 1529 ,apud
860 1435 1052 1504 Isocratem.
1104 1436 1283 1508 Sublatam

170 1550 224 1608 est
236 1540 323 1608 enim
335 1539 369 1606 in
387 1537 464 1606 cod.
481 1537 641 1607 Vrbin'
616 1562 685 1607 srve
703 1490 866 1607 librorum
878 1537 1021 1626 fide,
996 1561 1066 1607 srre
1088 1540 1183 1630 quod
1200 1541 1282 1610 He-

168 1643 312 1711 liconius
335 1642 474 1732 eiusque
504 1641 586 1709 socii
610 1642 703 1710 illam
725 1641 1005 1711 constructionem
1026 1665 1095 1711 non
1116 1644 1283 1737 putabant

169 1743 350 1814 ferendam
370 1767 454 1813 esse
503 1744 839 1838 InPanegyricoille
861 1769 891 1814 c.
907 1743 968 1813 48.
987 1739 1022 1838 §
1041 1744 1127 1814 214.
1142 1772 1177 1839 p
1194 1747 1281 1818 1⁰2.

171 1849 227 1941 [p.
249 1847 337 1920 111.
355 1846 482 1940 Lang.)
508 1847 553 1915 ad
573 1848 699 1917 bellum
717 1849 827 1917 Persis
849 1847 1063 1917 inferendum
1087 1849 1282 1979 adhortans,

170 1951 226 2020 his
246 1951 357 2019 verbis
384 1952 504 2020 utitur:
529 1944 643 2043 μόνος
664 1945 734 2046 γοῖρ
759 1946 866 2032 οὗτος
887 1977 906 2023 ο
898 1943 1087 2078 πόλεμος
1108 1953 1282 2049 κριίττων

172 2047 313 2152 εἰρήνης
327 2048 418 2143 ἐστι’,
434 2053 573 2150 θεωρίᾳ
588 2054 657 2183 μὲν
673 2051 854 2149 μᾶλλον
830 2081 852 2150 η
868 2052 1043 2178 στρατείᾳ
1059 2051 1283 2179 προςιοικως,

173 2153 402 2252 ἀμφοτέροις
417 2156 455 2230 δὲ
476 2158 690 2253 συμφέρων,
716 2157 778 2229 και
800 2160 877 2236 τοῖς
895 2153 1047 2253 ηὀοχίαν
1068 2154 1171 2249 οἴγειν
1195 2165 1283 2277 βορ-

172 2260 341 2352 λομένοις
363 2257 424 2330 καὶ
454 2265 531 2339 τοῖς
556 2263 729 2352 πολεμεῖν
755 2257 1015 2380 ἐπιθυμοῦσιν.
1049 2259 1190 2341 ἕξισται
1210 2253 1282 2385 γαρ

173 2361 222 2435 ἄν
237 2367 314 2449 τοῖς
329 2360 398 2452 μὲν
413 2357 524 2442 uidcor
542 2389 591 2435 τα
614 2357 765 2486 σφέτιρ
781 2357 902 2434 αὐτων
916 2351 1173 2486 καρποῦσθαι,
1205 2369 1284 2444 τοῖς

175 2461 242 2538 δ”
228 2491 265 2537 εκ
280 2492 354 2536 των
369 2459 570 2561 ἀλλοτρίων
584 2459 762 2589 μεγαλοις
776 2455 956 2546 πλούτους
969 2457 1282 2559 κατακτήσασθαι.

176 2567 298 2643 Codex
312 2567 509 2635 Vrbinas
473 2594 527 2660 ειη
545 2593 615 2663 γαρ
633 2595 689 2640 αν
734 2569 787 2636 Ac
800 2567 1034 2650 σοιιοέξεσται
1049 2567 1154 2636 videri
1168 2576 1284 2662 potest
1337 2620 1340 2627 1

175 2693 219 2738 ex
233 2670 554 2761 interpretationem
564 2679 692 2738 textum
707 2672 849 2753 venisse,
874 2670 1073 2761 praesertim
1085 2693 1190 2760 quum
1206 2694 1283 2740 sae·

173 2775 251 2867 pius
263 2773 403 2865 vulgata
421 2774 539 2852 lectio,
567 2773 594 2841 si
611 2773 655 2841 ad
673 2774 749 2841 libri
769 2773 939 2842 Vrbinatis
965 2774 1166 2864 scripturam
1186 2796 1283 2841 com-

175 2884 332 2970 paretur,
373 2877 653 2969 interpretationis
677 2877 825 2969 spcciem
854 2897 940 2968 prae
968 2896 1005 2943 sc
1030 2876 1126 2944 ferat.
1184 2876 1284 2947 Patet

177 3002 280 3064 vero,
302 2979 330 3047 si
348 2989 441 3049 recte
458 2980 613 3049 sehabet
632 2980 773 3062 ἔξεσται
791 2977 856 3070 ἄν,
878 3001 1019 3070 prorsus
1040 2976 1162 3047 eodem
1178 2978 1283 3051 modo

176 3083 305 3150 dictum
320 3106 411 3170 esse,
435 3092 473 3152 ut
487 3082 567 3181 ἐξῆν
580 3081 626 3154 οἷν
645 3083 829 3170 diceretur,
855 3082 882 3150 si
897 3105 951 3150 res
965 3081 1029 3150 ist'a
1042 3091 1131 3150 esset
1147 3092 1284 3176 tempo-

176 3187 220 3254 ris
234 3187 415 3278 praeteriti.
468 3187 545 3254 Hac
568 3187 640 3255 sola
659 3184 806 3275 ratione,
829 3186 857 3254 si
877 3186 1042 3275 scriptura
1057 3194 1150 3253 recte
1163 3209 1200 3254 se
1217 3186 1284 3254 ha-

176 3290 247 3411 bet,
273 3288 410 3358 defendi
424 3290 531 3382 possit
544 3289 639 3358 locus
658 3288 825 3413 Herodoti
839 3288 898 3356 ΙΙΙ.
913 3287 997 3355 104.
1014 3314 1050 3360 οι
1042 3287 1104 3361 δὲ
1118 3281 1163 3385 δη
1174 3285 1285 3408 Ινδρὶ

176 3384 301 3510 τρόπρν
319 3387 477 3488 τοιούτων
497 3391 557 3466 καὶ
578 3385 656 3489 §erik
656 3420 688 3465 ει
704 3386 912 3517 χρεώμενοι
927 3382 1156 3464 ἐλαύνουσι
1139 3389 1196 3464 ιπι
1216 3417 1285 3462 τον

176 3519 313 3589 χρυσον
327 3491 634 3590 λελογισμι’νως,”
611 3521 709 3617 onoc„
720 3522 766 3567 αν
787 3487 984 3587 καυμάτων
998 3493 1072 3566 τοῖν
1088 3486 1285 3589 θιρμοτα-

106 3625 111 3632 ·
176 3623 250 3670 των
271 3590 406 3671 ἐόντων
429 3600 576 3673 ἔσονται
601 3602 639 3671 ἐν
661 3595 709 3693 τῇ
731 3593 884 3694 αρπαγῇ.
946 3596 1053 3682 Quasi
1084 3595 1195 3683 dicas,
1231 3604 1284 3687 ut,

178 3699 318 3792 quoties
331 3699 550 3795 idsucr'unt,
565 3698 722 3794 saciant
732 3701 884 3769 maxima
876 3699 1036 3769 caloris
1054 3707 1227 3791 tempore.

246 3844 248 3847 v
278 3803 424 3873 Alterius
446 3805 597 3898 generis,
623 3803 658 3870 in
681 3825 749 3894 quo
767 3801 813 3876 ἂν
833 3805 982 3873 iunctum
1000 3801 1139 3892 quidem
1157 3802 1284 3893 futuro,

177 3899 241 3972 sed
257 3915 485 3976 constructum
499 3930 577 3975 cum
593 3906 664 3975 aliis
678 3906 789 3975 verbis
810 3915 869 3993 est,
897 3906 1004 3973 multo
1016 3905 1115 3996 plura
1129 3908 1286 3998 exempla

176 4007 402 4079 inveniuntur:
428 4033 572 4101 quorum
586 4010 646 4078 etsi
661 4009 820 4079 nonnulla
836 4016 990 4100 suspecta
1004 4016 1090 4095 sunt,
1105 4017 1218 4077 tamen
1230 4032 1285 4077 res

177 4109 252 4201 ipsa
265 4114 408 4182 maxime
417 4114 549 4182 videtur
564 4113 668 4182 dubia
678 4136 761 4186 esse.
789 4111 894 4203 Apud
903 4111 1084 4179 Pindarum
1096 4113 1194 4180 Nem.
1209 4111 1284 4179 VII.

179 4212 625 4310 litt).(68)vulg⁰1egirur;
647 4209 782 4309 μαθων
792 4213 1082 4308 ὃέτιςοῖνὲρεῖ,εἱ
1095 4208 1169 4308 παρ
1178 4213 1287 4306 μέλος
1413 4262 1417 4271 ,

178 4314 336 4410 ἔρχομαι
352 4320 480 4416 ψέμον
502 4318 618 4420 ὄαρον
631 4320 795 4395 ἐννέπων.
847 4316 1058 4410 Boeckhius,
1083 4325 1175 4385 recte
1196 4314 1285 4384 iudi·
