2918 4890
345 261 660 358 'ruennnnnrvu
681 296 796 358 ιιιιιιι
818 297 974 360 snmus.
1079 360 1081 367 ,
1159 299 1223 365 aar

113 480 239 580 quibus
266 487 385 555 iniuria
413 487 624 555 contradicas
639 486 941 581 'reprehendasve,
975 487 1074 558 facile
1101 490 1223 558 oblivi-

116 600 272 674 scnntur;
298 591 485 658 irascuntur
502 593 667 684 graviter,
695 592 723 660 si
739 590 836 660 inre(
875 590 1012 659 Accidit
1029 601 1223 684 opportuno

117 719 214 782 casu,
240 704 278 762 ut
299 717 341 762 ex
361 695 419 763 illo
442 695 599 787 exemplo
620 692 896 778 Meletematnm,
930 695 1024 784 qnod
1043 697 1078 763 in
1102 697 1222 789 dispu-

115 801 277 867 tationem
292 798 483 886 attuleram,
509 799 661 890 reposito
680 800 713 866 in
728 799 874 884 scriniis,
901 799 1059 889 quoniam
1081 800 1148 867 alio
1169 801 1224 868 cui

115 903 268 992 Dionysii
288 902 374 979 liber
395 901 570 970 adiunctus
593 911 642 970 cst
658 912 752 986 utor,
778 925 845 970 non
866 903 1060 970 exciderent
1073 902 1222 971 schedu-

115 1007 187 1096 lae,
212 1005 386 1093 inquibus
408 1006 556 1073 breviter
577 1028 618 1073 ea
638 1005 898 1093 adnotaveram,
925 1005 970 1074 de
986 1007 1107 1094 quibus
1123 1007 1222 1074 dicc-

115 1132 190 1192 rem
218 1109 275 1176 illo
300 1108 366 1175 dic.
426 1108 478 1176 lta
502 1109 722 1193 factumest,
755 1118 793 1177 ut
815 1132 903 1177 nunc
928 1131 1065 1199 quoqne
1088 1109 1223 1194 afferre,

117 1235 205 1303 qnae
223 1221 295 1279 tum
312 1211 437 1302 partim
462 1212 530 1280 dixi
553 1212 675 1304 partim
695 1212 808 1281 dicere
829 1213 937 1300 volui,
962 1213 1100 1303 possim.
1153 1213 1225 1286 Sed

116 1339 222 1406 quum
240 1315 414 1382 dimidiam
430 1315 503 1384 fere
516 1325 649 1409 partem
666 1339 800 1402 eornm,
827 1339 915 1405 quae
936 1315 1225 1408 consignaveram,

116 1429 188 1487 tum
217 1418 435 1510 protulerim,
475 1419 519 1487 de
541 1419 760 1507 quibusdam,
790 1441 858 1486 non
888 1419 932 1487 de
959 1420 1113 1487 omnibus
1137 1443 1225 1488 nunc

118 1521 331 1591 commemini
352 1522 546 1590 venerintne
566 1524 601 1590 in
624 1522 906 1614 disceptationem
923 1545 1066 1590 annon.
1125 1523 1225 1608 Quo-

118 1628 208 1694 circa
239 1648 328 1692 nunc
351 1625 462 1692 omnia
486 1648 682 1694 enumerare
703 1627 801 1713 volo,
827 1635 883 1711 nt,
910 1626 968 1716 qui
990 1625 1076 1694 baec
1098 1625 1276 1718 legant,l2

116 1730 183 1822 ipsi
195 1728 345 1796 iudicare
357 1729 506 1819 possint,
532 1748 613 1797 num
625 1729 661 1796 in
674 1730 796 1814 rebus,
822 1752 906 1819 quas
921 1729 975 1797 vel
990 1729 1158 1816 attulerim
1172 1731 1227 1798 vel

118 1833 282 1900 voluerim
295 1831 436 1916 afferre,
465 1833 650 1922 quidquam
663 1833 718 1918 sit,
746 1855 813 1922 quo
834 1833 993 1901 arrosisse
1008 1831 1226 1901 Meletemata

117 1936 251 2022 videar,
278 1935 339 2002 nisi
356 1935 385 2002 si
403 1935 563 2003 arrodere
584 1944 634 2004 est
652 1936 764 2003 dicere
787 1937 908 2024 quibus
927 1937 961 2002 in
975 1937 1078 2004 rebus
1095 1935 1225 2005 dissen-

118 2039 198 2127 tias,
226 2046 260 2106 et
280 2037 419 2127 quidem
442 2047 579 2131 rogatus
597 2048 699 2128 atque
716 2038 760 2105 ad
779 2038 941 2131 idipsum
958 2039 1121 2107 invitatus.

219 2141 410 2209 Diviseram
432 2164 569 2209 omnem
590 2141 849 2234 disputationem
873 2142 906 2209 in
924 2142 989 2209 tria
1005 2141 1134 2234 capita,
1161 2143 1227 2209 alia

119 2243 324 2312 contendens
345 2265 414 2310 non
429 2253 541 2334 recte,
568 2245 632 2312 alia
646 2266 715 2312 non
732 2255 908 2330 accurate,
936 2245 1001 2312 alia
1014 2253 1150 2338 praeter
1164 2269 1226 2314 ne-

119 2349 309 2416 cessitatem
336 2346 426 2414 dicta
449 2347 505 2415 vel
536 2357 688 2416 correcta
714 2371 798 2421 esse.
859 2348 931 2416 Sed
964 2349 1124 2439 quoniam
1156 2371 1227 2416 nou

119 2452 267 2517 omnium
283 2458 334 2517 est
348 2450 472 2517 mentio
488 2450 596 2541 facta,
622 2474 686 2520 nec
703 2451 833 2572 singula
850 2475 938 2542 quae
953 2475 995 2519 ex
1010 2475 1147 2542 quoque
1162 2475 1227 2545 ge-

117 2576 200 2627 nere
221 2553 388 2620 attulerim
410 2553 564 2640 memini,
592 2577 681 2622 nunc
707 2556 818 2623 omnia
836 2554 1048 2648 promiscue,
1081 2556 1222 2648 pagina·

117 2679 194 2724 rum
215 2656 367 2724 ordinem
392 2679 551 2776 sequens,
579 2680 755 2749 exponam.
809 2659 849 2726 ln
870 2659 990 2748 quibus
1012 2681 1081 2749 quo
1100 2659 1228 2727 leviora

119 2769 195 2828 sunt
208 2761 329 2843 multa,
357 2781 399 2826 eo
413 2760 578 2828 minorem
597 2783 664 2854 ego
681 2760 819 2851 quidem
834 2760 1031 2830 criminandi
1051 2761 1227 2830 materiam

117 2863 219 2932 fuisse
238 2863 448 2932 crediderim.
1313 2864 1315 2868 ’

220 3018 248 3086 Ι.
280 3017 320 3085 Ρ.
338 3016 372 3084 1.
399 3015 533 3085 lnitium
551 3014 619 3084 feci
634 3015 850 3085 defendenda
871 3018 1041 3108 scriptura
1051 3013 1226 3113 Ἀλικαρ-

103 3113 251 3200 νασσδς
274 3128 309 3188 et
335 3122 508 3207 similium,
542 3142 644 3208 qnam
673 3120 895 3209 antiquiorem
924 3121 1029 3189 altera
1057 3129 1226 3212 putarem,
1297 3136 1302 3142 '

119 3221 264 3290 afferens
280 3246 337 3309 ea,
364 3247 452 3313 quae
468 3218 666 3300 memoravit
681 3223 874 3292 Erfurdtius
887 3224 923 3291 in
940 3225 1070 3292 minore
1087 3225 1141 3292 ed.
1158 3225 1227 3293 So·

118 3324 251 3417 phoclis
266 3325 310 3392 ad
332 3328 522 3419 Antigonae
544 3349 576 3397 v.
595 3324 706 3406 113⁰.

221 3475 264 3545 ll.
317 3479 355 3548 Ρ.
380 3477 414 3548 2.
467 3480 682 3570 Dionysius
672 3502 708 3546 ιιι
728 3477 895 3570 principio
917 3479 1006 3546 Artis
1035 3478 1225 3549 rhetoricae

120 3579 167 3648 sic
192 3581 322 3650 scribit.
357 3576 554 3677 πανήγυρις
578 3579 717 3701 εὕρημα
743 3582 811 3672 μὲν
834 3608 893 3650 ναι
917 3581 1034 3676 δῶρον
1053 3581 1153 3653 θεῶν
1178 3585 1226 3662 εἰς

120 3672 337 3757 avuncolus»
359 3684 434 3757 auio
465 3685 548 3778 περι
572 3678 639 3756 adu
661 3683 746 3778 βίον
765 3676 941 3773 μειζόνων
968 3687 1225 3778 παραδεδομέ-

119 3811 177 3882 νη,
202 3783 246 3866 ὥς
261 3813 368 3860 πονο
360 3781 543 3860 Πλατων
559 3786 675 3882 φησίν.
728 3786 795 3854 Vbi
811 3808 915 3876 quum
929 3785 1134 3855 Sebaeferus
1149 3811 1226 3855 cor—

118 3897 257 3979 ruptum
277 3882 451 3981 μειζόνων
472 3891 657 3982 suspicatus
679 3899 767 3958 esset
784 3889 983 3958 mutandum
1005 3913 1079 3958 esse
1100 3891 1135 3957 in
1154 3918 1226 3982 με-

119 3984 298 4074 λεδῶνων,
337 3992 520 4063 rectissime
550 3993 772 4086 Sylburgium
799 3993 964 4060 iudicasse
986 3993 1225 4079 existimabam,

119 4094 176 4183 qui
194 4094 299 4186 ipsius
315 4095 464 4164 Platonis
485 4095 627 4164 verbum
649 4090 770 4169 πόνων
790 4117 913 4188 repom
902 4095 1103 4184 voluisset,
1129 4097 1225 4164 vide-

73 4262 74 4266 ,
117 4196 285 4288 baturque
309 4197 392 4266 milri
413 4199 497 4267 illud
519 4208 605 4290 μιιζ
621 4221 663 4268 ex
685 4223 869 4293 perperam
890 4199 979 4330 lecta
992 4186 1226 4294 praecedentis

118 4301 212 4377 verbi
225 4299 310 4395 βίον
326 4301 493 4394 scriptura
509 4325 583 4371 esse
598 4311 719 4376 ortum.
