2918 4890
218 1321 306 1431 on
353 1316 790 1408 Ancurmnors
836 1308 1319 1406 ranunculus

605 1461 945 1585 aovmoaq

657 1755 865 1772 —u—-fl

188 1949 311 2085 3Qui
337 1984 491 2057 eximiam
519 2007 660 2081 operam
691 1985 943 2082 epigrammatis
974 1982 1185 2052 Graecorum
1212 1982 1324 2076 erpli-

223 2091 340 2161 candis
358 2090 539 2183 impendit,
565 2091 624 2165 Fr.
640 2092 830 2177 lacobsius‚
856 2091 900 2158 ab
917 2108 959 2156 eo
976 2087 1129 2156 dolemus
1142 2088 1244 2155 unum
1260 2111 1325 2156 ne-

222 2196 372 2290 glectum
391 2216 465 2262 esse
478 2193 513 2261 iu
528 2195 645 2286 primis
659 2193 879 2264 memorabile
895 2192 1120 2283 epigramma,
1147 2190 1241 2279 quod
1255 2190 1325 2258 Ar-

224 2297 387 2369 chimedi
398 2297 559 2367 tributum
582 2299 710 2390 primns
736 2321 774 2367 e
786 2295 903 2366 codice
928 2294 1199 2386 Guelferbytano
1220 2293 1326 2362 edidit

222 2400 441 2491 Lessingius
432 2423 468 2466 ιιι
481 2401 636 2489 symbola
649 2400 796 2469 secunda
811 2398 856 2466 ad
871 2397 1045 2465 historiam
1059 2408 1093 2466 et
1105 2399 1326 2465 litteraturam

223 2526 259 2596 p.
272 2501 358 2570 423.
374 2525 469 2591 seqq.
493 2501 562 2571 sive
579 2502 734 2594 Operum
748 2503 815 2570 vol.
833 2501 923 2569 XIV.
938 2524 974 2592 p
989 2484 1075 2568 232.
1093 2524 1187 2590 seqq.
1205 2501 1327 2568 iterum

225 2615 338 2674 antem
351 2605 529 2697 vulgarunt
542 2615 618 2675 ante
631 2606 694 2674 hos
704 2605 778 2685 VII.
792 2626 896 2672 anuos
907 2604 1041 2692 Struvii,
1067 2613 1164 2695 pater
1178 2612 1212 2671 et
1226 2603 1326 2691 filins,

90 2762 94 2766 Α
225 2709 389 2794 Altonae‚
433 2710 676 2778 commentariis
710 2710 918 2779 instructum.
977 2706 1111 2774 Horum
1143 2715 1232 2773 tanta
1263 2655 1328 2774 fuil

225 2811 376 2896 lascivia,
401 2818 439 2878 ut
459 2832 528 2881 non
540 2815 649 2882 solum
670 2811 886 2902 contemptim
900 2809 944 2878 de
967 2831 1009 2876 eo
1027 2810 1201 2893 sentirent,
1228 2810 1328 2877 abiu·

78 2916 84 2930 '
228 2914 444 3002 dicerentque
459 2915 502 2981 ab
518 2915 741 3000 Archimede,
768 2914 828 2982 sed
842 2914 941 2980 etiam
955 2913 1095 2980 alteram
1109 2913 1179 2980 eius
1193 2923 1328 3003 partem

228 3017 272 3085 ab
289 3016 433 3084 obscuro
449 3019 598 3105 quodam
617 3018 755 3084 homine
770 3016 815 3084 ad
832 3015 1054 3082 ludificandos
1074 3014 1327 3084 mathematicos

229 3117 450 3210 compositam
474 3122 705 3188 existimarent
764 3118 929 3187 Nimirum
950 3118 997 3185 illi
1017 3141 1112 3186 more
1134 3119 1328 3203 multorum,

230 3221 288 3312 qui
302 3219 500 3309 antiquitatis
517 3224 718 3292 monimenta
731 3229 883 3308 tractant,
909 3220 1099 3312 vituperare
1114 3229 1148 3288 et
1161 3230 1199 3288 ut
1213 3223 1329 3314 inepta

228 3325 367 3393 relicere
382 3327 562 3418 quaeipsis
576 3327 761 3396 molestiam
775 3331 936 3410 crearent,
964 3347 1065 3414 quam
1077 3332 1232 3392 accurate
1245 3348 1329 3415 per-

104 3457 106 3461 >
228 3428 396 3518 vestigare
408 3429 606 3503 maluerunt.
643 3430 747 3522 Fugit
767 3452 825 3497 eos
842 3427 954 3496 nobile
970 3427 1064 3519 apud
1077 3436 1207 3496 veteres
1225 3427 1330 3496 fuisse

230 3528 441 3600 Archimedis
470 3527 664 3628 πρόβλημα
691 3525 856 3626 donacio,
896 3522 989 3621 quod
1018 3538 1068 3597 est
1097 3530 1181 3598 illud
1206 3531 1329 3621 ipsum,

231 3633 322 3702 cuius
335 3633 420 3706 ratio
439 3636 625 3703 continetur
641 3636 704 3703 isto
718 3635 971 3725 epigrammate
1007 3633 1149 3700 Testem
1163 3634 1330 3702 habemus

232 3736 445 3804 scholiastam
472 3737 618 3806 Platonis
645 3737 691 3804 ad
721 3735 1000 3826 Charmidemp.
1029 3733 1115 3802 324.
1158 3735 1243 3826 (91.
1272 3736 1329 3805 ed.

231 3838 647 3928 Rulmk)qu1s1cscnh1t
665 3833 931 3934 λογιστικηεστι
924 3834 1333 3961 θεωριατωναριθμη

231 3939 316 4024 coir,
331 3937 457 4031 edgida
475 3945 549 4016 reio
562 3938 735 4039 ἀριθμῶν
750 3934 1060 4038 μεταχειριστική,
1078 3935 1122 4014 οὐ
1135 3969 1202 4015 τον
1219 3939 1333 4023 ὄντως

232 4130 441 4145 m

316 4240 346 4326 *)
371 4242 455 4306 Edita
471 4252 515 4304 ert
535 4264 562 4307 e.
585 4248 677 4312 1828.
