2918 4890
470 307 522 369 οε
541 306 726 370 uuusvaa
743 307 967 386 vuatvsovu
985 308 1035 375 οι.

302 499 362 571 ΙΧ.
389 498 487 594 (Vl.)
519 500 560 569 Iu
575 500 695 570 Rheso
709 523 742 570 v.
756 494 842 570 560.
869 501 1014 572 Aldina:

354 649 436 727 ἁλλ’
453 655 489 726 εἰ
502 648 663 751 προσιόν
679 649 789 746 λόχον
803 648 971 737 εἰςιεεσολν

356 768 525 865 διόλωλε,
552 768 639 867 πόχ’
656 774 701 848 οἷν
721 777 775 872 εἴη
792 769 965 873 φοβερόν.

202 948 372 1034 Quattuor
389 946 491 1020 codd.
512 942 594 1019 ἀλλ’
608 945 632 1044 ἦ
640 971 650 1029 ;
678 947 747 1015 duo
764 942 845 1020 ἄλλ’
862 942 906 1042 ἧς
929 944 1050 1016 deinde
1063 967 1157 1014 unus
1175 947 1231 1026 εἰς
1245 945 1337 1019 παῖ·
1452 1040 1455 1045 ‚

202 1079 275 1132 σοις.
328 1051 366 1118 ln
384 1052 490 1118 altero
514 1073 613 1118 versu
632 1060 745 1119 autem
765 1051 834 1119 duo
856 1049 1043 1138 διόλωλεν,
1076 1072 1171 1118 unus
1198 1047 1335 1136 ὄλωλε,

203 1155 271 1223 duo
290 1148 476 1238 διόλεσεν,
504 1163 538 1221 et
560 1163 641 1245 post
662 1148 823 1249 φοβερόν
847 1163 915 1222 tres
936 1154 1066 1223 addunt
1087 1181 1174 1247 μοι.
1238 1155 1335 1222 Tam

200 1258 390 1350 perturbati
404 1258 471 1324 loci
486 1257 672 1349 perexigua
684 1257 730 1324 ad
745 1258 963 1348 probandum
987 1259 1036 1327 vis
1061 1265 1126 1329 est.
1181 1258 1284 1327 Sunt
1298 1259 1334 1326 hi

203 1362 272 1430 duo
296 1384 427 1447 versae,
441 1371 491 1428 ut
507 1362 672 1452 strophici
687 1371 891 1448 monstrant,
925 1360 1109 1430 acatalecti.
1167 1363 1262 1431 Non
1283 1373 1335 1431 est

202 1475 316 1533 autem
337 1465 529 1551 obscurum,
549 1488 617 1533 non
631 1488 717 1556 opus
737 1489 809 1533 csse
825 1465 893 1533 dici
907 1459 987 1556 τάχ’
1002 1464 1048 1537 do
1065 1466 1121 1562 εἴη
1139 1461 1334 1564 φοβερόν,

202 1592 307 1657 quum
336 1590 420 1635 unus
446 1569 606 1655 militum,
645 1570 703 1657 qui
727 1569 774 1636 ibi
799 1570 885 1637 inter
916 1593 952 1637 se
979 1569 1253 1659 colloquuntur,
1288 1570 1334 1638 de

201 1672 305 1764 longa
317 1672 468 1739 absentia
483 1673 702 1764 exploratoris
718 1673 876 1741 sollicitus
889 1672 995 1741 modo
1010 1672 1153 1741 dixeritt

353 1824 497 1921 ταρβῶ·
523 1818 668 1923 χρόνιος
682 1819 752 1924 ydp
773 1824 935 1900 ἄπεστιν.

202 1980 340 2069 ltaque,
377 1980 537 2070 quoniam
564 1980 630 2047 iam
656 1979 701 2047 ad
725 1980 908 2049 diluculum
930 1979 1039 2072 vergit
1062 2000 1153 2068 uox,
1183 1946 1241 2049 ut·
1256 1992 1334 2051 orta

202 2084 279 2152 luce
293 2084 375 2173 quid
391 2083 440 2151 rci
456 2084 496 2150 sit
511 2085 684 2174 cognitum
704 2085 746 2151 iri
762 2094 932 2177 speretur,
957 2085 992 2152 in
1012 2080 1150 2175 opusc.
1170 2086 1251 2158 vol.
1270 2087 1330 2154 ΠΙ.

202 2212 238 2280 p.
254 2186 340 2256 3⁰6.
366 2186 581 2256 scribendum
596 2187 728 2256 censui:

357 2334 438 2411 ἄλλ’
454 2335 478 2436 ἦ
495 2333 655 2436 spaurde
672 2333 781 2430 λόχον
799 2336 978 2422 εἰςιεαλσας

358 2452 525 2542 διόλωλε,·
550 2453 635 2550 τάχ’
652 2459 698 2532 ἄν
719 2455 753 2532 δ’
768 2460 821 2558 εἴη
845 2453 1014 2558 φανερόν.

202 2629 465 2699 Perturbationis
499 2652 604 2719 quum
636 2630 748 2698 variae
778 2631 960 2724 excogitari
999 2652 1140 2700 caussae
1175 2634 1330 2724 possint,

203 2757 272 2801 una
287 2757 401 2801 earum
416 2732 503 2801 hacc
521 2742 589 2820 est,
616 2743 669 2802 ut
664 2762 690 2830 η
681 2730 825 2856 'velli'
816 2756 851 2801 ιη
869 2763 900 2807 ει
895 2733 1123 2824 depravato
1152 2733 1330 2833 φανερόν

203 2846 367 2906 mutatum
387 2837 518 2904 fuerit
509 2861 544 2904 ru
566 2830 739 2932 φοβερόν.
792 2837 863 2905 Sed
887 2837 1049 2927 quidquid
1073 2835 1119 2904 de
1144 2836 1226 2906 hoe
1250 2842 1330 2908 loco

205 2942 322 3030 aliquis
348 2949 487 3028 statuat,
523 2950 637 3008 tamen
665 2941 750 3007 illud
782 2941 1013 3009 confessurum
1040 2939 1216 3027 arbitror,
1260 2967 1331 3012 non

203 3068 307 3136 posse
326 3043 393 3110 hoc
409 3045 564 3134 exemplo
585 3043 846 3134 productionem
861 3045 1049 3135 particulae
1075 3042 1330 3122 demonstrari.

204 3149 295 3215 Nam
312 3148 412 3214 ctiam
429 3149 456 3214 si
472 3149 545 3237 quis
561 3140 722 3241 φοβερόν
738 3148 900 3215 tuendum
916 3148 1065 3239 putabit,
1091 3147 1130 3213 in
1150 3162 1332 3244 promptu

206 3260 274 3338 cst,
299 3260 438 3342 poetam
452 3252 507 3318 vel
521 3250 735 3319 mediocriter
749 3251 965 3320 exercitatum
981 3251 1195 3344 scripturum
1208 3255 1332 3343 fiusse,

205 3348 284 3444 πόχ’
303 3351 348 3426 όν
363 3382 403 3426 τι
420 3355 522 3427 πέλοι
540 3346 711 3450 φοβερόν.

309 3541 352 3608 X
386 3540 492 3632 (ΙΙΙ.)
524 3541 564 3608 ln
591 3540 772 3632 Sophoclis
799 3539 937 3607 Electra
960 3562 994 3611 v.
1014 3535 1100 3606 314.
1157 3539 1278 3612 Laur.
1298 3547 1332 3614 b.

206 3666 291 3711 unus
315 3641 586 3711 Florentinorum
621 3644 714 3735 apud
744 3643 979 3731 Diudorfium,
1019 3643 1112 3734 Aug.
1138 3643 1176 3712 b.
1217 3649 1334 3775 Palat

206 3745 284 3815 Ald.
306 3755 340 3813 ct
359 3747 443 3814 aliae
465 3747 543 3815 cdd.
565 3757 644 3820 vett.
672 3749 737 3816 sic.

361 3945 382 4004 η
370 3910 477 3988 δ
452 3946 498 3992 αν
513 3923 579 4012 ἐγω
571 3913 791 4012 θαρσοῦσα
808 3915 948 4007 μᾶλλον
964 3919 998 3997 ἐς
1010 3907 1141 4008 λόγους

362 4032 448 4118 νοός
465 4033 548 4120 σοδς
566 4037 732 4131 ἱκοίμην,
759 4036 859 4133 εἴπερ
880 4032 948 4109 ὦδε
963 4029 1074 4108 ταῦτ’
1089 4034 1185 4125 ἔχει.

208 4207 366 4276 Proxime
392 4207 524 4275 accedit
545 4204 568 4291 η’
590 4205 680 4296 δᾶν,
708 4207 801 4296 quod
824 4209 859 4274 in
879 4207 980 4276 Laur.
1002 4230 1033 4279 a.
1059 4206 1181 4297 prima
1208 4234 1338 4284 manus

210 4310 358 4401 scripsit,
399 4320 434 4378 ct
453 4307 513 4407 ἥδ’
536 4309 582 4384 ἄν
614 4309 798 4380 Florentini
819 4314 863 4383 Γ.
922 4309 994 4379 Sed
1021 4311 1179 4383 secunda
1208 4340 1338 4395 manus
