2918 4890
167 176 211 241 lv
377 286 379 290 Ι
523 189 924 254 saturn-ulo.

169 391 230 441 nes
268 372 304 442 in
345 396 451 447 uuum
489 378 684 452 coniunctos
724 336 888 452 rationem
920 380 1118 474 triquetram
1149 379 1279 452 babere

170 509 364 629 crederem,
395 515 495 586 aliam
520 518 778 625 explicationem
805 519 1001 611 admittere,
1036 522 1078 610 si,
1105 519 1199 612 quod
1225 519 1280 588 di-

171 642 218 716 cit
241 650 402 746 scriptor,

829 826 917 901 otius
936 820 1143 925 προςόνπων

336 954 543 1058 οἷλλοχρόων
562 959 708 1064 scripura
715 1019 729 1054 ,
757 959 842 1042 οὔτ’
857 964 1163 1058 ἐπιλειπομένων,

173 1162 223 1232 sic
248 1163 452 1257 accipiatur,
486 1174 524 1236 ut
557 1165 840 1258 ἐπιλειπομένων
872 1189 941 1236 uon
964 1167 1009 1235 ad
1037 1167 1159 1236 diversi
1186 1167 1283 1236 colo-

172 1299 219 1368 ris
244 1307 379 1391 tauros,
411 1303 434 1371 i
461 1324 492 1376 e.
519 1301 565 1371 ad
591 1301 686 1371 albos
713 1310 747 1369 et
768 1301 905 1394 nigros,
935 1302 997 1371 sed
1032 1303 1078 1371 ad
1111 1303 1200 1371 solos
1224 1325 1283 1371 eos

173 1456 300 1528 greges
328 1436 432 1526 duos,
464 1459 551 1526 quos
582 1437 783 1527 triquetrum
809 1437 948 1506 efficere
976 1438 1124 1527 dixerat,
1151 1439 1285 1507 refera-

173 1579 238 1640 tur.
289 1572 416 1643 Durior
441 1573 579 1664 quidem
594 1572 681 1643 haec
700 1574 902 1644 constructio
930 1583 997 1664 est,
1023 1575 1085 1644 sed
1109 1584 1224 1645 tamen
1250 1583 1285 1644 et

174 1707 256 1778 ferri
281 1717 415 1802 potest,
449 1720 484 1781 et
514 1711 771 1794 commendatur
803 1720 876 1782 tum
908 1734 968 1800 eo,
1005 1713 1100 1803 quod
1134 1712 1182 1781 sic
1215 1735 1286 1782 non

143 1820 149 1840 ¹
175 1868 264 1938 opus
291 1855 341 1917 est
352 1847 544 1942 *scripturae
569 1850 770 1934 mutatione,
794 1857 867 1918 tum
887 1849 1161 1942 interpretatione
1182 1849 1286 1918 scho-

175 1983 310 2074 liastae,
345 1993 436 2077 tum,
475 1986 571 2078 quod
605 2009 649 2057 eo
681 1987 787 2058 modo
830 2010 900 2056 uon
943 1986 1153 2056 desideratur
1186 1986 1285 2055 ullius

177 2122 282 2217 partis
317 2130 476 2193 accurata
509 2124 704 2217 descriptio.
755 2123 844 2194 Illud
873 2147 956 2194 vero
991 2148 1062 2194 non
1087 2124 1286 2212 concedam,

178 2259 332 2329 consulto
364 2261 603 2331 obscuritatem
635 2261 837 2355 quaesivisse
867 2261 1126 2350 Archimedem,
1163 2269 1202 2330 ut
1226 2286 1304 2330 ae-·

179 2396 330 2491 nigmata
365 2397 461 2489 ioqui
491 2400 705 2469 oraculorum
747 2421 844 2470 more
877 2397 1063 2468 videretur:
1095 2398 1287 2488 vellemque

179 2535 232 2604 vir
256 2520 466 2605 do'ctissimus
489 2537 589 2607 etiam
623 2537 831 2607 coniecturas
864 2534 1045 2622 omisisset,
1080 2555 1164 2623 quas
1197 2534 1288 2602 mul-

181 2678 233 2773 tas
257 2673 293 2740 irr
323 2672 474 2751 medium
499 2676 623 2766 attulit,
650 2682 689 2743 ut
714 2674 795 2743 alias
819 2692 1037 2743 numerorum
1061 2671 1208 2739 rationes
1234 2670 1289 2739 ef-

182 2809 309 2878 iiceret
362 2811 453 2880 Nam
484 2811 522 2882 id
555 2835 624 2883 non
659 2819 711 2881 est
735 2810 918 2880 emendare
942 2809 1079 2896 vitiosa,
1110 2806 1172 2876 sed
1197 2806 1290 2875 aliud

183 2948 365 3041 problema
388 2970 594 3041 proponere.
647 2946 829 3020 Caeterum
853 2946 1066 3017 multitudine
1089 2945 1147 3013 ilia
1171 2953 1289 3013 tauro-

143 3056 148 3073 *
184 3106 261 3154 rum
282 3082 326 3154 'ac
350 3085 457 3155 boum
476 3085 704 3157 Moliweidius
730 3108 767 3155 re
791 3107 861 3155 uon
885 3083 1014 3154 offendi
1039 3082 1190 3152 dicebatr
1220 3103 1292 3150 non

186 3225 275 3294 enim
306 3221 565 3313 Archimedem,
605 3225 700 3316 quod
732 3222 876 3292 nesciret
908 3243 1012 3312 quam
1045 3241 1167 3312 parum
1197 3227 1292 3287 tanto

186 3382 327 3430 numero
353 3360 521 3452 capiendo
547 3362 719 3434 sufficeret
744 3360 875 3448 Sic-ilia,
909 3359 998 3429 Solis
1033 3357 1191 3426 armentis
1219 3378 1293 3424 esse

186 3518 302 3587 usum,
335 3496 397 3569 sed
434 3507 472 3568 ut
508 3499 544 3568 iu
582 3508 666 3572 uoto
705 3520 748 3568 ex
778 3497 947 3566 veteribus
982 3493 1106 3565 fabulis
1135 3492 1293 3584 exemplo

189 3636 286 3728 quasi
310 3643 388 3706 aute
413 3638 530 3709 oculos
563 3643 707 3730 poneret
739 3635 877 3726 lectori,
910 3635 944 3703 in
971 3655 1040 3737 quo
1066 3636 1174 3698 artem
1200 3651 1295 3697 suam

191 3759 414 3864 computandi
450 3776 669 3869 experiretur.
734 3770 777 3843 ld
816 3773 911 3842 illum
946 3769 1090 3837 arbitror
1131 3766 1296 3837 iudicasse

190 3910 370 3980 verissime.
422 3910 564 3983 Constat
594 3912 684 3981 enim
714 3911 863 4005 primum
886 3905 986 3977 huius
1011 3905 1148 3975 fabulae
1176 3906 1296 3972 aucto-

191 4066 266 4114 rem
291 4068 364 4115 esse
380 4045 588 4136 Homerum,
613 4048 673 4141 qui
696 4049 731 4120 iu
750 4045 953 4120 duodecimo
969 4040 1147 4137 Odysseae
1161 4065 1193 4113 v.
1209 4038 1296 4110 127.

191 4183 279 4254 haec
305 4185 441 4256 cecinit:
