2918 4890
171 318 237 382 m
445 302 498 366 DE
515 301 697 365 MENSVRA
717 297 939 376 vnnlvsovu
957 294 1008 365 εῖν.

340 490 428 571 Εἶτ’
445 491 512 585 οὐχ
529 490 677 566 ἅπαντα
694 487 908 590 πράττομεν
928 487 989 561 ναὶ
1003 480 1185 583 θελομενς
1309 466 1321 538 ἶ

341 615 434 690 ὅπου
454 642 495 707 γε
511 619 587 694 σοῖς
603 616 703 693 θεοῖς
718 611 787 705 μὲν
802 606 1055 708 ἠγορασμένον

341 734 513 831 δραχμοῖν
530 732 603 826 ἄγω
620 725 825 829 προβάτιον
841 725 1029 827 α’γαιιηνδν
1047 729 1141 804 δέκα
1150 782 1168 817 ,

343 852 560 953 αὐλητρίδας
574 853 613 926 δέ·
629 851 687 925 nni
709 845 830 949 μύρον
841 853 902 927 ναὶ
917 851 1121 949 ψαλτρίας,

342 977 551 1057 Μενδαῖον,
580 966 738 1061 Θάσιον,
765 974 938 1066 ἐγχέλεις,
963 965 1104 1068 τυρόν,
1127 967 1228 1061 μέλι

344 1092 480 1190 μικροῦ
494 1085 677 1165 ταλάντου
690 1091 852 1185 γίγνεται
873 1085 921 1167 νδ
934 1085 1031 1175 nurci
1044 1083 1180 1183 λόγον.

344 1212 515 1308 δραχμοῖν
531 1211 600 1305 μέν
615 1206 760 1304 οἱγαθδν
777 1210 878 1296 ἄξιον
892 1216 1017 1306 λαβεῖν
1033 1212 1125 1284 δέκα

343 1333 456 1431 ἡμεῖς,
484 1325 548 1406 ἐσῖν
563 1332 623 1404 ναὶ
640 1331 861 1428 καλλιερηθῇ
873 1338 950 1413 τοῖς
965 1334 1088 1411 θεοῖς·

345 1445 487 1527 τούτων
502 1451 540 1523 δὲ
553 1433 643 1546 σρδς
656 1447 768 1524 ταῦτ’
783 1450 829 1523 σῖν
844 1456 938 1524 ἑλεῖν
952 1443 1019 1548 τήν
1034 1447 1200 1545 ζημίαν,

234 1575 284 1646 lb
344 1571 417 1652 παῖς
435 1566 515 1661 σύχν’
531 1564 579 1643 οδ
592 1564 703 1643 νανδν
718 1571 792 1645 τοῖν
807 1571 913 1668 ἱερσῖν
931 1562 1149 1655 διπλάζεται
1156 1594 1175 1661 ‚·

347 1686 415 1785 δγοῖ
430 1690 499 1784 μέν
515 1685 581 1763 οὖν
598 1688 647 1764 ὤν
663 1719 703 1784 γε
717 1685 805 1772 θεός
820 1686 885 1763 οσίι
899 1691 1004 1763 εἴασα
1017 1680 1089 1785 νῆν
1175 1740 1184 1755 .

347 1805 464 1907 σ’σιρδν
480 1809 525 1883 ἄν
541 1808 598 1883 ε’σλ
611 1802 678 1883 τόν
690 1803 818 1903 βωμδν
839 1805 1024 1883 ἐπιθεῖναί
1037 1833 1161 1898 ποτε,

272 1940 274 1947 ’
350 1935 384 2005 εἰ
396 1925 449 2026 μή
462 1927 654 2027 καθήγιζέν
669 1957 725 2011 τις
744 1926 823 2022 ἅμα
844 1922 912 2019 τήν
926 1929 1089 2023 ἔγχελυν,

348 2057 407 2125 ἵνα
416 2053 654 2145 Καλλιμέδων
671 2044 856 2122 ἀπέθανεν
870 2048 920 2130 εἶς
933 2048 1007 2122 ταῖν
1020 2044 1227 2142 σνγγενοῖν.

184 2242 241 2310 Sic
265 2239 366 2307 editio
393 2240 571 2309 Dindorfii.
633 2237 766 2306 Priores
800 2258 858 2304 sex
890 2259 1005 2305 versus
1038 2233 1155 2315 attulit
1190 2231 1308 2303 Athe·

183 2368 286 2412 naeus
322 2344 422 2411 etianr
448 2345 506 2410 lv.
541 2364 623 2434 pag.
649 2339 733 2407 llo.
762 2340 805 2408 D.
839 2339 899 2406 ubi
929 2362 961 2408 v.
986 2338 1019 2406 l.
1045 2347 1143 2405 recte
1174 2338 1308 2429 legitur

185 2445 298 2539 ὅμοια
328 2470 392 2538 pro
429 2443 596 2532 ἅπαντα,
632 2467 662 2516 v.
692 2440 727 2511 5.
772 2453 885 2510 autem
921 2436 1056 2522 ταύτας
1086 2462 1159 2533 pro
1195 2443 1308 2514 Mer-

185 2554 306 2638 δαῖον,
340 2560 430 2617 etv.
457 2548 492 2619 o.
519 2551 554 2616 in
580 2547 655 2615 cod
682 2546 752 2614 Pal.
780 2547 834 2615 cd.
859 2546 1013 2637 principe
1045 2553 1080 2611 et
1114 2542 1309 2612 Casaubo-

184 2654 283 2720 niana
308 2647 510 2740 τάλαντον,
535 2651 629 2741 quod
655 2650 757 2716 iidem
783 2651 858 2717 libri
883 2650 983 2716 etiarn
1004 2649 1039 2714 in
1056 2647 1169 2715 altero
1188 2647 1309 2714 Athe-

185 2757 261 2822 naei
301 2757 377 2823 loco
418 2757 600 2847 praebent,
645 2754 679 2822 in
712 2776 780 2842 quo
813 2753 933 2842 reliqui
968 2774 1081 2819 versus
1121 2772 1203 2817 non
1240 2750 1310 2816 alia

188 2882 264 2926 cum
298 2860 457 2926 varietate
488 2861 673 2950 scripturae
707 2866 851 2943 exstant,
884 2878 988 2945 quam
1015 2852 1109 2943 quod
1135 2876 1173 2921 v.
1197 2851 1236 2922 Ἰ.
1259 2854 1310 2920 illi

187 2985 271 3052 quos
299 2961 367 3028 dixi
392 2964 468 3029 libri
497 2959 648 3052 α’γαθῶν
675 2962 859 3051 praebent,
887 2981 919 3026 v.
941 2958 976 3026 8.
1002 2956 1062 3029 ναὶ
1093 2978 1137 3023 ex
1167 2958 1310 3048 optimo

189 3065 264 3133 cod.
285 3066 370 3131 Ven.
397 3065 552 3149 accessit,
585 3086 616 3130 v.
640 3062 699 3128 ll.
725 3063 759 3129 in
786 3062 1012 3130 Laurentiano
1043 3057 1092 3130 oio
1119 3058 1248 3146 deest,
1275 3069 1312 3128 et

188 3193 219 3235 v.
237 3167 295 3237 13.
324 3167 377 3238 cd.
403 3169 563 3259 princeps
589 3175 625 3231 et
647 3164 902 3234 Casauboniana
928 3161 1006 3255 ἅμα
1028 3161 1086 3234 καὶ
1103 3155 1180 3252 τήν
1200 3164 1314 3256 ἔγχε-

188 3274 252 3343 λυν
278 3271 414 3338 habent.
473 3269 654 3336 lnfcliciter
683 3270 836 3336 tractavit
864 3269 929 3335 hos
956 3288 1068 3335 versus
1095 3263 1251 3334 Grotius
1277 3268 1315 3334 in

189 3374 368 3466 Excerptis
394 3397 429 3464 p.
453 3370 540 3440 733.
570 3396 634 3438 nec
662 3372 866 3461 quidquam,
904 3369 999 3459 quod
1026 3366 1127 3435 laude
1157 3369 1315 3463 dignum

191 3478 250 3557 eit,
285 3503 306 3545 a
332 3498 503 3566 quoquam
529 3476 666 3544 allatum
695 3476 812 3561 video,
843 3483 1083 3565 praeterquam·
1108 3493 1141 3539 v,
1169 3472 1240 3545 ll.
1268 3476 1314 3542 ab

191 3580 343 3672 Reisigio
370 3578 418 3651 ὤν
444 3575 518 3672 γ’ό
544 3571 637 3657 θεός.
696 3578 735 3645 ln
763 3579 878 3667 quinto
903 3575 1039 3665 quidem
1058 3593 1163 3639 versu
1200 3575 1316 3644 dubi-

192 3683 256 3749 tari
288 3707 356 3750 non
387 3689 518 3773 potest,
553 3681 634 3770 quin
666 3690 700 3748 et
733 3675 870 3759 ταύτας
903 3688 937 3746 et
961 3679 1156 3750 Μενδαῖον
1189 3680 1318 3772 inepta

194 3786 257 3853 sint
288 3787 534 3876 supplementa.
591 3784 787 3872 Requiritur
822 3783 908 3850 enirn
940 3778 1130 3847 necessario
1161 3785 1319 3872 partici-

194 3889 289 3979 pium
317 3911 397 3954 casu
431 3887 560 3972 dativo,
593 3887 627 3953 in
660 3909 729 3975 quo
755 3897 867 3954 tamen
892 3880 1090 3951 inveniendo
1117 3904 1198 3952 non
1227 3889 1320 3956 ultra

194 3991 446 4075 hariolationem
476 3990 641 4081 progredi
673 3991 760 4058 licet.
812 3987 961 4074 Deinde,
995 3985 1056 4052 nisi
1087 3994 1173 4053 ante
1205 3993 1321 4084 septi-

196 4116 289 4163 mum
322 4116 457 4161 versum
491 4094 613 4160 excidit
645 4094 760 4182 aliquis
793 4114 926 4177 versus,
965 4089 1071 4157 verbo
1103 4110 1203 4181 opus
1244 4119 1322 4164 esse

196 4206 311 4290 patet,
337 4219 378 4264 ex
403 4218 472 4286 quo
491 4198 548 4285 qui
576 4199 759 4285 s'equuntur
780 4194 930 4263 infinitivi
954 4190 1146 4283 pendeant,
1176 4196 1212 4264 si
1242 4201 1324 4292 qui-

186 4300 278 4388 dem
303 4309 421 4395 aperte
446 4300 519 4382 παῖς
550 4297 631 4394 οὐχὶ
655 4299 822 4394 apoduein
852 4296 978 4390 incipit.
1036 4294 1095 4366 Ab
1118 4301 1213 4371 noni
1240 4327 1325 4377 ver-
