2918 4890
200 298 264 360 ddl
451 293 740 356 lNClllllllBlLlVll
763 295 876 355 LIBER
899 297 1051 362 PRIMVS.

200 482 317 573 notio,
357 506 452 553 nnnc
484 481 529 552 ob
563 484 727 559 cotnitem
757 485 927 578 paullum
962 485 1137 574 latitans,
1178 487 1311 580 magis

201 586 377 675 exertat,
403 587 458 657 οὶσ
485 585 701 658 scribendus
720 588 884 658 videtur:

530 736 567 831 χ’
583 739 606 838 ἢ
623 740 692 833 μὲν
717 738 799 838 τῇδ’
817 741 1019 837 ἐπυργοῦτο
1040 742 1171 839 στολῇ,

356 845 395 916 ἐν
420 839 579 932 ῇυίαισιυ
605 839 699 933 εἶχεν
725 843 901 941 εὔαρκτον
928 837 1065 938 στόμα·

356 942 380 1042 ἡ
406 941 442 1018 υ·
465 939 694 1040 seuerae«

135 1067 139 1078 Ι
202 1100 301 1170 Exile
319 1097 387 1166 hoc
400 1120 473 1166 esse
492 1097 648 1166 dicebam
665 1106 699 1166 et
712 1106 750 1165 ut
764 1096 858 1188 quod
870 1098 1013 1166 maxime
1028 1123 1049 1166 a
1062 1099 1205 1192 ¹simplici
1221 1123 1311 1191 gra-

202 1205 304 1272 vitate
329 1201 491 1292 Aeschyli
508 1200 709 1284 abhorrere,
742 1224 844 1291 quem
864 1201 1082 1270 certissimum
1106 1213 1194 1272 esset
1220 1198 1311 1270 scri-

201 1308 311 1399 psisse
325 1313 362 1373 ut
376 1304 512 1373 inlibris
528 1305 599 1374 eius
613 1305 753 1398 legitur:

531 1456 577 1556 χῇ
598 1458 667 1550 μὲν
692 1453 775 1554 τῇδ’
790 1455 992 1553 ἐπυργοῦτο
1017 1459 1147 1557 στολῇ,

207 1597 228 1622 ··
329 1565 394 1636 ’ἐν
420 1557 557 1654 ἡυίαισι
584 1558 619 1634 d’
637 1557 731 1652 εἶχεν
744 1558 922 1658 εὔαρκτον
950 1554 1092 1656 στόμα·

315 1657 319 1665 ’
357 1665 379 1761 ἢ
405 1659 440 1738 δ’
464 1657 651 1767 ἐσφάδαζε.
1120 1688 1122 1692 ·

152 1819 450 1911 23Argumentum
477 1827 609 1908 autern,
646 1840 714 1908 quo
742 1816 830 1885 hano
863 1817 1065 1910 scripturam
1096 1817 1309 1886 labefactare

202 1923 379 2008 voluisset,
405 1922 604 1990 contrariam
615 1921 684 1990 vim
699 1920 836 1991 habere.
887 1922 1068 1990 Notionem
1088 1923 1175 1990 enim
1200 1921 1308 2003 illam,

186 2047 304 2114 ¹quam
325 2027 360 2093 in
374 2025 485 2092 animo
500 2023 643 2093 haberet
657 2026 791 2115 Atossa,
814 2023 967 2113 obsequii
983 2026 1171 2113 Persarum,
1194 2026 1308 2092 multo

201 2129 310 2221 magis
326 2129 483 2198 exsistere
497 2137 599 2218 atque
613 2127 744 2212 extolli,
770 2127 797 2195 si
810 2127 928 2194 mulier
949 2128 1006 2195 illa
1018 2112 1169 2222 gaudere
1187 2127 1309 2218 impo-

202 2232 265 2300 sito
285 2233 386 2323 iugo,
409 2240 465 2322 Aet,
492 2231 585 2319 quod
611 2253 653 2298 eo
679 2229 860 2322 gauderet,
889 2229 1030 2298 libenter
1054 2256 1176 2325 parere
1196 2231 1307 2299 irenis

98 2323 100 2328 ¹
202 2334 385 2421 diceretur,
411 2327 572 2424 quamsi,
596 2355 757 2426 perversa
768 2333 1029 2422 ratiocinatione,
1055 2337 1113 2403 ubi
1129 2333 1211 2425 quid
1226 2358 1307 2401 am-

200 2438 266 2504 bae
295 2436 357 2505 sub
383 2437 501 2528 iugum
527 2437 648 2504 missae
672 2435 812 2504 fecerint
834 2435 1015 2505 dicendum
1042 2448 1131 2525 erat,
1166 2448 1306 2530 sumpto

200 2539 267 2606 iam
289 2562 331 2608 eo
361 2538 469 2629 qnod.
484 2537 782 2606 demonstrandum
812 2546 916 2627 esset,
950 2540 1024 2628 illa,
1064 2565 1152 2633 quae
1181 2543 1306 2634 gavisa

200 2650 287 2710 esset
306 2642 405 2734 iugo,
434 2642 585 2734 paruisse
610 2640 713 2710 frenis
726 2651 925 2709 narraretur.

301 2795 445 2869 XXXll.
477 2795 516 2864 P.
532 2791 595 2872 ot,
620 2792 710 2886 ,‚41)
738 2793 873 2862 Malim
889 2805 972 2885 aot,
999 2799 1183 2885 αἴσχιστος
1199 2795 1305 2879 ὅστις
1414 2798 1422 2810 ’

200 2908 282 2984 aut,
302 2899 491 2987 αἴσχιστον
506 2900 543 2970 εἴ
555 2925 622 2978 τις.
630 2905 653 2943 “
695 2897 845 2966 Pertinet
862 2896 930 2966 hoc
949 2898 993 2966 ad
1005 2899 1176 2990 Euripidis
1192 2903 1303 2969 verba

118 3056 120 3064 .
160 3104 164 3124 ι
199 3000 442 3094 inlph.Taur.
457 2998 544 3072 699.
570 3001 670 3068 allata
684 3022 721 3091 p.
739 2998 800 3068 92.

692 3145 742 3226 τοῖ
766 3149 973 3245 τῶνφίλων

352 3256 541 3345 αἴσχιστον
568 3251 661 3336 ὅστις
685 3249 901 3348 καταβαλών
927 3256 975 3334 εἰς
1002 3248 1191 3350 συμφοραῖς

351 3351 462 3437 αὐτος
488 3359 681 3446 σέσωσται(

192 3510 291 3619 ¹Quid
311 3509 422 3578 verbis
443 3532 530 3601 opus
554 3519 620 3597 est,
654 3519 691 3577 ut
715 3533 775 3578 cur
796 3532 1063 3603 supervacaneas
1080 3507 1299 3577 indicaverim

197 3613 270 3681 illas
290 3613 495 3682 coniecturas
510 3614 739 3706 intelligatur?

298 3765 459 3856 xxxin..
499 3767 538 3837 P.
560 3763 620 3833 98.
647 3764 853 3858 „Cognato
877 3753 963 3835 nitio
984 3761 1136 3833 laborat
1152 3763 1299 3834 Paulus

199 3863 437 3936 &lentiorins
469 3867 547 3936 ΙΙΙ.
585 3863 647 3939 καί
680 3894 735 3947 τις
766 3865 968 3966 υποτλαίη,·
1013 3867 1298 3960 corrigendum,

199 3971 304 4060 (nam
328 3968 473 4039 Panwii
497 3971 557 4040 bic
587 3993 725 4063 qnoque
749 3963 936 4056 αιόἱζοοτος
964 3980 1204 4040 commentum
1229 3994 1297 4040 ne-

198 4073 302 4160 mini,
345 4067 492 4165 opinor,
519 4071 765 4168 probabitur)
799 4068 1031 4142 scribendum
1062 4073 1199 4167 igitur:
1240 4075 1298 4156 τίς

199 4203 258 4248 κου
291 4171 515 4272 ὑποτλαίηςιί
552 4185 557 4271 .'
573 4176 813 4246 Existimabam
844 4198 912 4268 ego
947 4175 1085 4264 quidem
1121 4200 1187 4245 non
1220 4201 1297 4246 esse

245 4278 433 4347 loecisnrum
458 4278 491 4345 in
518 4278 640 4348 codicis
673 4281 855 4374 scriptura:
891 4302 968 4347 nam
996 4278 1132 4347 omnino
1166 4279 1210 4346 de
1235 4303 1297 4349 so-
