2918 4890
197 281 261 360 ιιο
534 294 595 424 or
627 291 900 357 rararcvsa
922 290 970 360 ει

199 483 258 556 καί
282 511 330 557 τα
356 480 557 603 χρηστήρια
580 478 703 558 rofiani
724 513 760 560 οι
752 487 974 582 ’,προλέγοι
1007 479 1307 608 συμβουλεύοντα

197 580 392 678 σύμμαχοι
413 579 475 658 τείν
492 582 699 685 Ἀθηναῖόν
720 595 757 662 οἱ
778 591 983 664 ποιέεσθαι.
1036 589 1140 658 Plura
1163 592 1252 660 enim
1271 591 1309 659 id

195 689 347 759 dixerant
360 690 506 760 oracula.

720 898 780 969 IX.

298 1036 302 1043 ’
347 1047 413 1118 Βε
439 1051 649 1145 optativo
671 1071 771 1122 com
797 1031 849 1124 οίυ
879 1047 1163 1124 initiando.

300 1201 481 1296 optativus
499 1227 576 1287 oum
589 1203 815 1299 particularia
832 1204 1027 1273 coniunctus
1044 1207 1202 1295 quoniam
1220 1231 1307 1297 quae

195 1317 337 1400 possunt
354 1308 429 1376 fieri
451 1309 635 1401 significat,
661 1331 740 1378 usus
761 1308 845 1377 duos
867 1308 1000 1399 aceepit
1021 1309 1124 1393 εΙίοε,
1150 1311 1306 1399 quicum
1350 1360 1354 1367 -

19 1460 25 1472 .
110 1502 114 1509 1
193 1412 252 1479 illa
269 1411 339 1480 eius
352 1419 523 1502 potestate
540 1423 617 1480 sunt
633 1413 900 1480 coniunctissimi.
952 1411 1083 1480 Eorum
1100 1414 1184 1481 aiter
1200 1415 1235 1481 in
1248 1414 1306 1481 iu-

196 1513 310 1582 bendo
331 1513 494 1600 cernitur,
510 1538 513 1543 ¹
527 1515 634 1582 lenior
656 1515 714 1583 ille
732 1515 951 1606 imperativo,
978 1514 1041 1583 s'ed
1060 1525 1192 1602 tamen,
1218 1539 1306 1606 quo·
1369 1552 1373 1561 ·

195 1619 286 1685 niam
305 1609 523 1709 permittendi
546 1618 698 1709 speciem
713 1617 834 1704 habet,
860 1627 898 1686 ut
915 1640 980 1710 pro
1001 1621 1094 1689 vocis
1113 1620 1306 1688 conforma-

193 1721 285 1809 tione
303 1721 403 1789 etiam
423 1713 479 1788 v'el
502 1721 649 1790 severior
663 1721 719 1789 vel
738 1721 917 1814 superbior
937 1721 1045 1790 videri
1060 1724 1186 1816 possit,
1214 1733 1251 1792 ut
1272 1725 1306 1791 in

192 1823 303 1916 soph
316 1824 377 1897 Er·
388 1821 500 1892 1491
617 1815 619 1819 ’
942 1850 945 1855 ·

245 1982 374 2075 χωροῖς
399 1976 446 2050 σίν
473 1979 555 2050 εἴσω
583 1971 648 2049 orio
674 1969 799 2066 οοίχοι·
825 1967 940 2068 λόγων
962 1968 1032 2073 γιίρ
1061 1972 1104 2049 οὐ

247 2081 311 2156 viu
337 2079 434 2156 ἐστίν
460 2074 577 2175 aytis,
604 2071 697 2154 οίλλοί
722 2077 787 2176 τῆς
815 2076 931 2176 ψυχῆς
956 2080 1050 2176 πίρι

186 2235 247 2306 et
238 2259 272 2306 ιιι
287 2236 403 2329 Antig.
424 2232 511 2302 444.

245 2384 291 2462 σοί
315 2390 384 2482 μίν
409 2385 568 2479 κομίζοις
593 2383 639 2459 oio
666 2378 821 2459 σεαυτόυ
847 2382 871 2482 ᾗ
896 2387 1033 2475 θέλεις,

244 2493 307 2575 ἔξω
333 2487 484 2586 βαρείας
509 2487 629 2586 αἰτίας
655 2483 860 2586 ἐλεύθεροι.

191 2645 291 2732 Quae
309 2643 453 2712 formula
472 2642 551 2732 quia
565 2641 706 2734 proprie
726 2664 796 2710 non
818 2641 960 2709 iubentis
983 2650 1053 2730 est,
1079 2641 1141 2710 sed
1165 2641 1304 2710 dicentis

191 2749 273 2840 quid
293 2748 368 2817 fieri
381 2748 507 2840 possit,
532 2769 600 2815 non
615 2745 721 2816 habet
733 2738 787 2844 μή
795 2800 808 2834 ,
834 2745 895 2815 ubi
909 2746 1046 2838 negatio
1062 2746 1209 2831 accedit,
1243 2745 1304 2814 sed

189 2851 244 2925 οὔ.
296 2851 389 2920 Iliad.
407 2857 444 2946 β.
461 2846 547 2918 250.

243 3004 297 3101 τῷ
322 3001 386 3078 οὐκ
413 3002 459 3077 etv
484 2999 660 3099 βασιλῆας
685 2995 758 3074 dvo?
784 2994 898 3095 στόμ’
925 3001 1015 3094 ἔχειν
1042 2995 1241 3098 ἀγορεύοις.

294 3160 422 3227 Notata
444 3156 585 3248 dignum
608 3163 675 3243 est,
701 3152 980 3236 honorationem
1002 3155 1182 3246 loquendi,
1216 3179 1303 3245 quae
1414 3180 1419 3190 ·

191 3261 361 3331 familiaris
383 3259 544 3328 sermonis
566 3260 717 3352 speeiem
729 3282 814 3354 prae
829 3283 866 3328 se
884 3259 961 3347 fert,
986 3261 1020 3327 in
1041 3261 1182 3328 foedere
1196 3259 1302 3328 Eleo-

190 3389 265 3433 rum
288 3375 326 3433 ut
347 3365 532 3433 solemnem
555 3363 737 3432 formulam
759 3385 826 3455 pro
848 3363 1047 3455 imperativo
1070 3362 1241 3454 usurpari:
1268 3385 1300 3434 v,

190 3469 358 3537 Boeckhii
375 3467 510 3557 Corpus
527 3467 632 3537 lusor.
648 3467 773 3540 Graec.
789 3467 872 3536 fasc.
885 3467 914 3541 1,
929 3490 965 3561 p.
982 3461 1042 3536 262
1057 3477 1095 3534 ut
1111 3463 1302 3558 συμμαχία
1424 3478 1426 3482 ’

189 3567 226 3642 ιε’
254 3574 296 3645 ἔα
326 3569 458 3646 ἑκατόν
488 3571 573 3644 ἔτεα
581 3625 594 3660 ,
636 3578 671 3641 et
700 3593 788 3661 quae
812 3571 878 3640 alia
900 3571 947 3641 ibi
978 3572 1079 3664 plura
1109 3568 1301 3638 huiusmodi

102 3774 105 3779 ρ
186 3683 324 3744 exstant.
1385 3677 1387 3682 ‘

718 3877 761 3952 X,
812 3928 815 3935 .

335 4031 400 4102 De
426 4033 642 4126 optativo
665 4053 762 4102 eum
787 4029 840 4117 οἲυ
866 4033 912 4102 ira
932 4032 1154 4126 optando.

292 4186 388 4255 Alter
407 4208 486 4254 usus
505 4186 540 4254 in
561 4186 710 4279 optando
728 4187 855 4279 positus¹
880 4196 948 4275 est,
974 4187 1023 4254 ito
1040 4186 1179 4276 quidem
1201 4196 1238 4254 ut
1254 4185 1299 4254 de
1345 4249 1347 4254 ,

191 4315 252 4378 eo,
277 4291 372 4382 quod
388 4299 562 4383 optamus,
589 4299 769 4382 quaeratur
781 4291 956 4382 quomodo
969 4292 1043 4360 fieri
1058 4292 1175 4383 possit.
1229 4291 1298 4358 lta-
