2918 4890
465 236 468 243 ’
582 280 666 342 ιιιι.
688 279 739 343 1v.
782 250 933 348 caeso.

742 573 784 642 11.

489 725 630 798 Decio
653 724 1017 823 cuminsinitioo.

305 875 486 945 infinitivus
509 879 620 947 forma
638 888 687 947 est
709 880 866 948 orationis
886 879 1059 969 obliquae,
1086 858 1132 946 ut
1147 880 1204 970 qui
1219 905 1310 951 sem·

201 1002 265 1069 per
282 979 429 1069 pendeat
451 1003 493 1048 ex
518 982 630 1070 aliquo
650 983 715 1050 aiio
728 980 855 1068 ¹verbo,
882 982 950 1049 sive
972 981 1055 1049 iilud
1078 982 1229 1051 additum
1250 995 1309 1072 est,
1419 984 1425 998 '

118 1143 121 1147 .
203 1083 272 1149 sive
294 1091 405 1150 mente
427 1085 615 1174 suppletur.
666 1085 722 1152 Ex
741 1107 808 1174 quo
826 1085 1056 1174 consequitur,
1081 1086 1140 1152 ubi
1162 1086 1196 1153 in
1217 1099 1310 1157 recta

202 1185 392 1252 oratione
368 1214 412 1256 αν
429 1209 506 1252 cum
528 1188 621 1255 verbi
640 1188 766 1276 modis,
788 1189 845 1277 qui
864 1196 977 1267 rectae
997 1188 1153 1256 orationis
1169 1199 1260 1279 sunt,
1286 1192 1307 1259 i.

203 1310 233 1358 e.
249 1311 326 1354 cum
344 1287 524 1357 indicativo
544 1298 578 1356 et
598 1291 749 1381 optativo
771 1292 985 1376 construitur,
1016 1312 1056 1357 ea
1076 1291 1227 1359 oratione
1244 1316 1309 1417 per

200 1389 427 1457 infinitivum
418 1415 453 1458 m
474 1393 645 1478 obliquam
665 1415 781 1474 versa,
816 1395 917 1460 etiam
938 1391 1099 1459 infinitivo
1119 1386 1268 1461 adiici*
1241 1423 1308 1466 αν
1293 1450 1306 1486 ,

201 1492 259 1557 ubi
282 1499 394 1557 autem
417 1491 613 1559 indicativus
636 1500 670 1558 et
689 1491 856 1581 optativus
879 1513 949 1558 non
974 1493 1197 1561 admittunt
1171 1522 1235 1579 αν,
1260 1497 1307 1564 ibi

70 1650 73 1657 ,
200 1615 243 1660 ue
262 1593 422 1661 infinitivo
448 1593 585 1693 quidem
609 1593 688 1661 addi
717 1616 829 1685 posse.
881 1592 979 1661 Haec
1000 1615 1053 1661 res
1077 1595 1123 1661 ita
1149 1596 1252 1685 plana
1274 1607 1309 1665 et

200 1704 318 1786 aperta
335 1703 402 1781 est,
428 1704 467 1763 ut
485 1718 527 1763 ne
542 1718 631 1787 opus
653 1696 790 1787 quidem
806 1696 847 1763 sit
854 1697 971 1763 ‘omnia
986 1696 1147 1786 exemplis
1166 1699 1306 1789 scripto-

199 1821 274 1865 rum
289 1798 443 1884 firmare,
469 1798 667 1888 praesertim
691 1822 795 1888 quum
817 1799 963 1865 attulerit
980 1798 1047 1864 iam
1064 1801 1302 1889 grammaticus

199 1902 232 1967 in
252 1900 403 1968 Bekkeri
422 1901 553 1973 Anecd.
575 1926 612 1993 p.
633 1900 719 1968 121.
771 1900 843 1969 Sed
863 1900 911 1968 rei
938 1900 1160 1968 declarandae
1184 1925 1305 1971 caussa

109 2041 114 2050 ·
198 2002 266 2070 hoo
280 2026 454 2095 ponemus.
509 2002 614 2088 Quod
630 2003 780 2100 ἐποίησα
797 2001 842 2074 οῖν
858 2002 1051 2094 simpliciter
1065 2003 1246 2075 affirmans
1250 2006 1303 2073 di·
1357 2070 1359 2080 ,

199 2129 316 2193 ceree,
349 2129 413 2197 per
432 2107 628 2174 infinitivum
652 2115 702 2173 est
724 2102 815 2200 φημί
841 2102 887 2176 οίν
911 2103 1072 2199 ποιῆσαι
1124 2106 1182 2174 Sic
1209 2109 1304 2196 quod

198 2205 345 2281 ἐποίουν
358 2206 416 2294 οῖν,
428 2208 530 2336 φημί
544 2206 590 2279 οίν
605 2212 744 2297 ποιεῖν,·
770 2205 899 2296 quod'
881 2202 1107 2295 επεποιῆκειν
1126 2205 1190 2296 ἄν,
1209 2209 1304 2306 φημί

198 2308 244 2381 οῖν
265 2309 506 2405 πεποιηκέναι.
559 2310 646 2378 Item
668 2309 761 2398 quod
785 2309 936 2400 optativo
958 2307 1087 2428 diceres
1107 2304 1303 2408 ποιήσαιμ

198 2409 263 2500 ἄν,
290 2419 340 2479 est
357 2411 507 2506 ποιῆσαι
532 2411 578 2484 ἄν
600 2408 726 2504 οἶμαι,·
754 2411 847 2536 quod
867 2405 1012 2502 ποιοῖμ’
1035 2407 1099 2500 ι’ίν,
1125 2412 1303 2486 ποιεῖνοίν

198 2510 327 2605 οἶμαι,·
362 2514 457 2604 quod
487 2508 724 2608 πεποιήκοιμ
751 2512 815 2600 σίν,
855 2513 1087 2608 πεποιηκέναι
1114 2513 1160 2587 civ
1185 2511 1301 2607 οἶμαι.

195 2617 251 2684 Ex
266 2617 318 2685 his
340 2625 498 2709 apparet,
524 2618 583 2685 ubi
602 2619 743 2685 verbum
766 2618 896 2685 finitum
917 2617 1097 2684 casiturum
1119 2626 1205 2686 esset
1220 2641 1303 2709 par·
1385 2694 1414 2719 ·.

195 2721 320 2804 ticula,
348 2721 474 2790 debere
498 2743 573 2788 eum
595 2722 694 2789 etiam
718 2721 753 2787 in
779 2718 931 2787 infinitivi
952 2717 1148 2788 suffectione
1172 2722 1302 2794 abesse.

195 2823 391 2915 Xenophon
410 2823 517 2892 Mem.
535 2823 572 2896 S.
589 2824 615 2891 1.
634 2822 668 2910 3,
685 2821 719 2893 3.
748 2820 832 2894 οὔτε
847 2846 916 2915 χαρ
936 2826 1012 2900 τοῖς
1029 2823 1172 2901 ecclc*
1152 2849 1221 2919 εφη
1239 2850 1300 2894 κα·

196 2926 296 3006 λοῖς”
276 2953 379 3016 εχειν,
407 2954 437 2998 ει
430 2875 715 3018 ’ταῖςμεχοίλίιιι
726 2922 871 3043 θυσίαις
882 2921 1059 3014 μᾶλλον
1036 2929 1146 3018 ηιαῖς
1158 2930 1300 3020 μικραῖς

197 3028 360 3120 ἔ·χαιρον
387 3022 556 3108 πολλάκις
571 3021 640 3148 χοῖρ
657 3026 702 3100 ιίν
722 3022 846 3106 αὐτοῖς
863 3017 913 3097 τοί
926 3017 1028 3120 παροί
1048 3025 1120 3097 ταῖν
1135 3027 1299 3155 πονηριῖν

63 3196 67 3203 .
195 3129 386 3221 μᾶλλον
363 3157 384 3225 η
409 3124 459 3203 κοί
484 3157 584 3225 παρα
609 3130 682 3202 τοῖν
711 3127 873 3255 χρησιῶν
909 3122 1005 3200 εἶναι
1041 3130 1299 3249 κεχαρισμένα·

196 3228 280 3304 οὔτ
302 3231 347 3304 οῖν
377 3226 682 3324 τοῖςοίνθροίποις
711 3230 811 3312 οίξιον
837 3226 932 3302 εἶναι
961 3227 1043 3324 ζῆν,
1069 3233 1104 3301 εἰ
1127 3224 1174 3302 τοί
1198 3225 1300 3352 παροί

196 3336 268 3406 τοῖν
292 3335 457 3429 πονηρῶν
481 3329 668 3426 μᾶλλον
644 3361 688 3426 ην
712 3333 951 3427 κεχαρισμένα
977 3336 1053 3409 τοῖς
1081 3330 1226 3411 θεοῖς
1204 3359 1224 3426 η
1251 3361 1297 3403 ια

195 3430 295 3530 παρα
318 3437 388 3508 τοῖν
405 3436 578 3532 χρησιοῖν.
629 3436 689 3505 Bis
706 3434 762 3502 hic
785 3443 877 3538 recte
892 3434 1042 3500 iunctum
1062 3433 1151 3500 est
1127 3460 1172 3504 αν
1188 3434 1300 3502 infini-

194 3540 281 3621 tivo;
307 3547 399 3606 recte
421 3561 503 3606 vero
519 3539 618 3606 etiam
634 3538 792 3606 omissum
812 3526 847 3604 in
859 3535 1026 3626 principio
1043 3535 1140 3603 huius
1156 3536 1274 3620 loci,
1265 3559 1299 3603 ιιι
1409 3608 1412 3614 ,

196 3664 263 3731 quo
284 3651 434 3709 errarunt
452 3664 510 3732 qu1
499 3639 610 3708 addi
630 3642 816 3709 voluerunt.
868 3639 989 3727 Neque
1012 3638 1099 3705 enim
1121 3633 1247 3709 ciii*
1225 3666 1299 3729 εχει

194 3744 306 3824 καλοῖς
321 3746 524 3836 opponitur,
551 3740 612 3810 sed
632 3738 712 3817 ἀλλ’
727 3739 769 3816 οὐ
790 3739 957 3835 χαίρουσι
976 3740 1114 3831 μᾶλλον
1136 3766 1214 3821 καις
1225 3768 1296 3834 με-

194 3840 317 3939 χιίλαις
337 3847 493 3928 θυσίαις.
547 3846 600 3914 De
616 3846 767 3914 Elmsleii
787 3843 1009 3928 dubitatione,
1036 3865 1078 3909 an
1092 3842 1202 3910 verbis
1219 3866 1296 3936 pu-

196 3958 280 4018 ture
300 3950 563 4041 significantibus
579 3949 673 4042 iungi
686 3961 831 4039 nequeat
846 3946 1022 4013 infinitivus
1042 3945 1237 4014 auxisti-sine
1253 3943 1299 4018 ιίν
1328 3970 1332 3975 ’

149 4125 151 4129 Α
195 4052 240 4119 ad
254 4053 366 4120 futura
382 4054 570 4144 pertinens,
598 4052 665 4121 dixi
679 4051 724 4120 ad
739 4053 792 4122 Ai.
811 4046 921 4117 1061.
939 4047 1136 4139 ostendique
1149 4071 1217 4116 non
1232 4048 1294 4115 mi·

194 4177 254 4222 nus
279 4165 371 4223 recte
385 4154 422 4223 id
438 4157 521 4242 fieri,
552 4179 653 4246 quam
672 4155 790 4244 quovis
807 4154 872 4221 alio
890 4174 967 4220 cum
984 4152 1101 4235 verbo,
1128 4151 1251 4241 quiae.
1269 4173 1299 4216 c.

194 4263 316 4332 πεσεῖν
328 4256 384 4328 ¹est
400 4259 548 4339 cudere,
575 4264 697 4332 πεσεῖν
707 4256 753 4332 οῖν
768 4257 907 4328 cudere
916 4277 1039 4367 posse,
1064 4262 1102 4359 ut
1115 4251 1209 4345 apud
1225 4251 1301 4321 He·
1360 4255 1363 4275 ³

1028 4372 1108 4441 Mu
