2918 4890
359 236 362 249 ι
447 284 919 346 Ι)188ΕΒΤΔΤΙΟ.
1176 288 1241 357 m

95 519 99 526 ·
139 476 230 552 ἄλλα
252 471 306 574 μή
330 470 476 605 ‹pdo'rrc
506 474 791 605 παραπέτασμα
810 467 881 570 reip
907 471 1001 567 ημᾶς
1027 471 1236 606 αἷπιτιίχιζι,

137 582 197 654 aa?
208 580 323 653 τοῦτο
333 579 661 698 ipponens'craaoq
682 605 725 649 ov
717 570 853 652 πάλαι
868 573 1130 700 διιρρωγότος
1116 580 1234 655 corlon

137 676 335 774 τεμάχιον,
364 680 614 779 ooqpovoriorn
627 673 836 772 ἀνθρώποις
855 674 902 755 ad
914 686 1030 769 τεῖχος
1050 708 1094 753 το
1087 675 1235 774 Σεμι-

139 779 302 884 ραμιδος
353 785 400 859 Et
414 784 575 875 synesius
589 782 727 871 quidem
742 793 845 867 recte,
870 792 1024 872 utquam
1038 784 1237 876 impervium

139 891 201 959 sibi
227 889 339 957 velum
361 886 445 957 illud
475 909 550 959 esse
575 885 766 977 putaverint
787 886 1006 957 indicaturus:
1038 889 1127 959 male
1154 911 1237 959 vero

138 992 292 1062 Paullus:
327 992 385 1081 qui
411 992 438 1060 si
459 991 672 1059 tenuissimae
694 990 793 1059 vestis
816 989 951 1059 obiectu
973 991 1110 1061 nimium
1133 1015 1169 1063 sc
1192 994 1236 1062 ab

139 1098 247 1165 amica
262 1095 410 1165 distineri
427 1095 587 1186 putabat,
613 1116 724 1182 neque
740 1102 864 1182 quanto
885 1094 993 1185 spatio
1009 1117 1237 1187 nequequam

138 1199 357 1291 insuperabili
371 1207 469 1289 septo
485 1205 665 1282 arceretur,
690 1195 751 1264 sed
766 1219 867 1285 quam
877 1197 1022 1288 penitus,
1048 1197 1160 1269 dicere
1173 1199 1236 1286 de·¹

138 1302 252 1371 bebat.
306 1302 411 1391 rltqui
431 1300 564 1393 penitus
588 1300 687 1369 etiam
707 1299 812 1388 quivis
835 1321 949 1369 murus
968 1301 1024 1371 vel
1041 1303 1154 1391 paries
1181 1325 1237 1371 se-

140 1404 308 1473 cluderetz
335 1405 424 1472 auxit
445 1426 549 1496 ergo,
576 1425 645 1492 quo
663 1402 821 1495 augendo
836 1402 918 1473 nihil
931 1403 1087 1493 profecit.
1140 1405 1237 1475 Alter

138 1529 322 1600 perperam
342 1507 488 1598 augendi
504 1507 641 1591 modus,
665 1507 722 1594 qui
743 1515 793 1573 est
814 1506 847 1572 in
866 1505 1096 1603 perturbanda
1115 1509 1238 1600 ampli-

139 1611 307 1696 ficatione,
331 1611 365 1677 iu
379 1611 453 1695 illa,
479 1611 572 1676 cuius
588 1610 791 1677 mentionem
807 1608 959 1694 fecimus,
984 1606 1158 1677 Minervae
1173 1633 1238 1703 ga-

24 1755 26 1760 ·
139 1715 194 1781 lea
216 1715 290 1804 ipse
318 1735 453 1803 quoque
475 1712 687 1801 conspicitur·
739 1711 829 1783 Nam
844 1713 943 1803 galea
965 1735 1068 1801 quum
1087 1713 1182 1788 unius
1195 1714 1237 1785 sit

68 1813 71 1817 ’
141 1817 258 1907 capitis
285 1823 534 1908 tegumentum,
560 1836 761 1905 perversum
786 1823 837 1882 est
863 1837 938 1882 eam
967 1816 1148 1887 multorum
1178 1839 1238 1885 ca-

140 1920 249 2011 pitum
262 1941 424 2016 capacem
438 1917 563 2002 dicere,
588 1917 665 2006 quia
679 1915 943 2009 magnitudinem
956 1919 1076 2009 galeae
1090 1941 1157 1987 uon
1171 1942 1238 1989 nu·
1348 2004 1351 2012 ,

141 2045 235 2091 mero
245 2023 406 2113 capitum,
432 2020 494 2095 sed
507 2040 663 2091 mensura
677 2020 763 2091 illins
777 2019 903 2110 capitis,
931 2023 985 2089 cui
997 2021 1160 2091 destinata
1174 2031 1237 2106 est,

141 2126 313 2195 metimur:
338 2133 375 2191 ut
392 2124 498 2191 multo
510 2123 630 2192 rectius
644 2145 740 2193 mons
756 2121 863 2192 dictus
876 2132 963 2190 esset
974 2123 1038 2192 ista
1050 2125 1151 2216 galea
1165 2126 1236 2217 tegi
1362 2150 1365 2154 ·

140 2251 252 2319 posse.
302 2226 374 2296 Sed
400 2225 583 2316 permirum
612 2235 678 2311 est,
717 2225 819 2293 fuisse
842 2234 957 2293 nostro
984 2248 1120 2316 qunque
1149 2249 1235 2296 aevo

141 2332 229 2399 viros
246 2329 412 2413 eruditos,
438 2328 558 2417 quibus
579 2328 703 2419 qeinil
721 2327 869 2397 molitur
892 2327 1094 2419 ineptetam
1117 2329 1237 2399 absur-
1303 2396 1305 2399 ,

143 2432 225 2501 dum
240 2432 322 2521 qnid
332 2431 501 2499 videretur
514 2431 700 2523 protulisse.
726 2431 963 2522 Descripserat
974 2431 1144 2503 Homerus
1158 2454 1238 2501 cur-

141 2559 217 2604 rum
238 2536 391 2616 lunonis;
415 2543 657 2603 memoraverat
678 2533 819 2624 insignia
847 2534 995 2626 aegidis:
1020 2557 1101 2605 mox
1119 2535 1237 2607 ambos

144 2639 224 2707 deas
240 2660 339 2707 curru
355 2637 398 2705 de
413 2637 508 2705 caelo
522 2638 557 2707 iu
571 2635 767 2728 Olympum,
793 2635 872 2703 inde
885 2637 918 2705 in
938 2661 1099 2729 campum
1113 2639 1237 2709 Troia-

143 2765 240 2826 num,
266 2763 333 2831 qua
357 2740 479 2809 Simois
502 2749 536 2807 et
559 2739 765 2807 Scamander
783 2739 972 2829 confluunt,
998 2751 1131 2821 vectas,
1157 2741 1237 2813 hiuc

143 2845 286 2936 pedibus
302 2843 348 2911 ad
358 2843 539 2911 exercitum
553 2841 763 2911 Graecorum
776 2863 974 2933 progressas
988 2841 1078 2913 dicit
1103 2843 1150 2912 Et
1164 2843 1263 2913 baeti

143 2949 179 3015 in
191 2948 392 3033 narratione,
418 2947 452 3013 in
467 2968 536 3034 qua
549 2945 639 3015 aliud
651 2942 731 3013 iibil
747 2945 908 3013 abnorme
924 2946 1103 3032 invenitur,
1130 2949 1238 3017 solam
1302 3024 1303 3028 ,

143 3051 199 3119 ille
213 3050 387 3122 Minervae
409 3051 544 3142 galeam
560 3072 581 3116 a
601 3057 669 3119 tam
683 3048 818 3117 immani
830 3057 865 3119 et
879 3058 1089 3119 monstruosa
1104 3051 1244 3142 magni<

144 3152 259 3220 tudine
273 3152 484 3222 laudaverit?
508 3175 575 3225 non
596 3153 809 3243 cogitaverit,
835 3173 958 3243 corpus
973 3151 1070 3238 deae,
1096 3151 1124 3222 si
1137 3152 1239 3246 galea
1353 3206 1356 3211 .

145 3263 236 3322 tanta
256 3263 362 3339 esset,
387 3265 549 3344 quantum
565 3277 637 3323 esse
653 3254 833 3323 debuerit?
859 3277 926 3322 non
940 3255 1078 3339 viderit,
1107 3264 1237 3327 tantum

146 3357 308 3443 abfuisse,
340 3365 377 3424 ut
398 3357 584 3431 istiusmodi
611 3356 680 3428 duo
707 3364 856 3427 monstra
882 3359 998 3447 (corte
1017 3380 1087 3430 non
1103 3358 1238 3433 brevior

145 3461 245 3551 luno)
271 3461 383 3526 locum
401 3461 438 3527 in
458 3460 604 3532 exercitu
624 3459 829 3544 invenirent,
854 3468 891 3528 ut
906 3461 961 3530 vel
982 3462 1054 3533 solo
1079 3461 1177 3554 pedis
1193 3462 1239 3531 si-

146 3564 215 3631 mul
238 3562 388 3631 Graecos
412 3563 644 3651 Troianosque
660 3563 834 3632 debuerint
850 3564 1051 3653 proterere?
1078 3565 1176 3634 Absit
1203 3573 1240 3631 ut

145 3667 181 3734 id
196 3665 382 3739 credamus.
434 3665 613 3735 verissime
626 3656 692 3746 illi,
718 3667 781 3757 qui
795 3667 913 3758 figuris
935 3668 1076 3734 militurn
1088 3678 1239 3735 ornatam

147 3770 213 3837 dici
232 3770 366 3862 galeam
388 3778 601 3838 censuerunt:
628 3769 750 3838 eodem
770 3768 892 3853 modo,
918 3792 987 3859 quo
1005 3792 1090 3836 zona
1105 3770 1238 3838 lunonis

146 3871 240 3940 iliad.
257 3872 347 3941 xlv.
365 3870 450 3944 181.
473 3870 603 3947 ἑκατόν
619 3867 794 3961 θυσάνοις
816 3868 975 3971 ἀραρυῖα
1000 3871 1128 3940 dicitur.
1182 3876 1238 3958 at,

145 3976 272 4064 inquiat
293 3975 383 4065 quis,
408 3976 464 4044 vel
478 3977 526 4044 sic
545 3983 676 4043 centum
692 3976 823 4043 urbium
838 3974 1005 4066 peditatus
1021 3975 1238 4044 immodicum

147 4088 201 4151 est
223 4087 257 4146 et
276 4076 475 4151 incredibile.
494 4088 724 4149 oruamentum
746 4079 873 4171 galeae.
925 4078 1048 4147 Recte:
1075 4079 1135 4147 sed
1157 4079 1239 4168 quid

148 4181 176 4250 si
188 4204 233 4248 ne
252 4179 337 4253 haec
356 4182 494 4272 quidem
515 4183 601 4251 iusta
621 4191 672 4250 cst
688 4183 821 4255 illorum
836 4178 1018 4251 verborum
1036 4182 1239 4272 interpreta-

147 4285 222 4352 tio?
246 4283 374 4352 Mirum
395 4295 505 4369 certe,
532 4285 626 4374 quod
644 4285 718 4353 illos
736 4284 888 4379 πρυλέας
905 4306 1007 4372 quam
1028 4285 1092 4352 alio
1108 4284 1240 4352 nomine
