2918 4890
168 268 211 331 84
506 251 564 318 Dr
598 245 868 315 rrnrlcvnr
890 241 938 310 ῦν
1069 234 1072 241 ’

167 450 291 536 nendi,
317 445 410 539 quod
433 445 557 537 iegitur
580 440 674 535 apud
688 439 876 508 Lucienum
890 435 1037 528 Fugitiv.
1061 432 1121 502 24.
1143 434 1189 504 Τ.
1213 434 1277 506 111.

169 581 204 650 p.
228 553 313 621 377.
337 549 535 641 κατίωμεν,
562 544 607 628 τίς
630 543 697 617 κῦν
722 539 863 632 ὀλίγους
882 536 1003 612 αῦτῦν
1024 535 1276 632 ἐπιτρίψωμεν

171 652 338 756 σήμερον.
371 651 443 720 Sed
460 651 524 718 niis
542 650 589 716 ibi
605 647 899 735 exstatscripturn,
927 639 971 722 ῦς
993 636 1057 713 οὐκ
1078 637 1145 728 ἄν,
1170 663 1277 729 quarn

171 769 326 853 apertum
342 763 392 823 est
407 762 465 822 aut
479 754 665 842 optativum
682 758 739 817 aut
752 749 900 815 futurum
917 745 1100 833 requirere,
1127 740 1172 823 nic
1184 766 1277 812 nam

172 863 390 954 significante.
440 855 573 922 Eadem
595 855 722 922 ratione
739 845 825 940 τάχ’
849 848 894 920 οίν
917 848 1031 915 futuro
1053 845 1157 914 iunxit
1174 847 1275 914 Anti-

172 966 305 1035 stbenes
325 960 451 1042 rhetor,
471 981 506 1050 p.
530 956 589 1024 30.
614 953 649 1050 §.
671 953 705 1022 6.
739 954 789 1043 (p.
815 947 875 1018 58.
901 949 1037 1041 Reisk.)
1071 947 1109 1028 ῦς
1129 949 1275 1041 πρῶτον

171 1068 240 1161 μίν
262 1060 327 1136 ουίι
348 1057 458 1133 οἶσθα
486 1056 567 1133 ov’d’
591 1057 684 1139 ὅπως
702 1059 773 1130 ἔδει
788 1048 998 1147 μάχεσθαι,
1025 1046 1128 1138 ἀλλ’,
1161 1050 1275 1146 ῦςπερ

172 1166 212 1249 ῦς
235 1166 358 1261 ἄγριος
398 1158 488 1258 ὀργῇ
517 1155 735 1257 φερόμενος,
768 1151 853 1245 τάχ’
879 1153 925 1226 οἷν
947 1180 1037 1226 ποτε
1067 1148 1277 1234 ἀποκτενεῖς

173 1263 351 1345 σεαυτόν,
377 1266 472 1356 κακῷ
495 1256 695 1358 περιπεοοίν
711 1288 773 1353 τῳ.
825 1260 964 1347 Deque
984 1279 1054 1325 nnn
1073 1257 1183 1346 magis
1204 1255 1277 1322 du-

172 1371 345 1440 bitandum
365 1367 444 1457 quin
457 1377 550 1434 recte
572 1366 697 1433 dictum
718 1365 776 1450 sit,
802 1385 903 1453 quam
926 1360 970 1428 de
984 1357 1060 1433 κιίν.
1094 1357 1276 1451 Euripides

173 1476 227 1545 El.
244 1470 331 1543 485.

337 1603 406 1678 νῦν
432 1598 487 1677 ἔτ’
513 1603 568 1676 ἔτι
595 1596 727 1697 φόνιον
750 1595 824 1674 ῦπῦ
849 1602 957 1696 δέραν
1037 1598 1041 1605 ’

338 1705 483 1801 ὄψομαι
509 1704 602 1798 αἷμα
628 1705 740 1796 χυθὲν
767 1697 921 1801 οιῦοίρρι·

174 1863 312 1932 Lucian.
330 1859 416 1926 Diei.
433 1865 564 1926 meretr.
582 1858 641 1928 XL
663 1857 699 1927 4.
716 1857 759 1926 T.
776 1856 834 1927 lll.
851 1879 888 1948 p.
905 1854 991 1924 310.
1017 1853 1104 1951 περὶ
1113 1846 1183 1950 ρῦρ
1202 1850 1278 1925 νῦν

175 1965 265 2038 ἐτιῦν
283 1960 348 2033 νῦν
373 1958 394 2034 o‘
417 1951 561 2041 ποίππος
580 1955 787 2059 διηγήσεταί
810 1986 887 2052 σοι,
922 1960 995 2052 εἴγε
1024 1957 1064 2054 ζῇ
1087 1959 1152 2032 ἔτι.
1204 1953 1279 2025 Sed

174 2067 209 2135 in
222 2063 394 2156 Aristoph.
411 2065 476 2136 Av.
494 2061 604 2131 1314.

339 2193 434 2287 ταχῦ
460 2195 496 2271 δ’
523 2198 569 2273 ῦν
595 2193 805 2296 πολυάνορα
829 2190 940 2271 τοίνδι
965 2187 1073 2269 πόλιν

338 2306 439 2374 καλεῖ
463 2327 518 2381 τις
543 2295 764 2397 ἀνθρώπων,

174 2437 234 2506 ubi
255 2435 422 2527 Reisigins
443 2457 479 2526 p.
501 2435 587 2503 101.
607 2440 709 2508 καλεῖ
727 2445 854 2519 tuetur,
880 2436 958 2525 quia
974 2437 1005 2504 ei
1026 2432 1072 2507 ῦν
1090 2430 1278 2527 probabili-

174 2548 279 2608 tatem
301 2537 350 2604 rei
377 2559 501 2628 sugere
521 2540 632 2629 potius
660 2561 763 2628 quam
785 2539 932 2606 minuere
955 2539 1062 2607 visum
1085 2545 1155 2622 est,
1196 2533 1278 2602 nihil

175 2662 312 2734 prorsus
334 2662 401 2731 ego
420 2641 568 2709 invenire
585 2663 673 2731 queo
696 2663 764 2731 quo
780 2641 927 2708 futurum
948 2639 1145 2722 defendam,
1170 2659 1280 2728 prae-

177 2744 352 2832 feramque
377 2743 526 2832 quumvis
552 2766 737 2837 paucorum
766 2745 928 2812 librorum
950 2745 1135 2835 scripturae
1161 2744 1278 2826 καλοῖ,

175 2845 345 2938 plerisque
377 2845 555 2914 doctorum
580 2847 756 2938 probatae
806 2845 994 2940 *Caeterum
1023 2855 1115 2914 recte
1146 2843 1181 2910 in
1209 2841 1278 2908 hnc

176 2970 276 3017 versu
288 2970 397 3038 nuper
411 2947 454 3015 G.
469 2948 679 3017 Dindoriium
693 2943 762 3022 τοῖν
774 2943 880 3020 πόλιν
898 2949 1030 3017 dedisse
1043 2957 1139 3039 puto,
1158 2945 1279 3012 veiim-

178 3073 245 3140 que
265 3050 365 3116 etiam
382 3042 476 3138 ταχῦ
494 3050 564 3122 τοίν
582 3053 691 3119 scribi.
742 3050 904 3143 Adiungit
919 3051 1087 3144 Reisigius
1105 3047 1278 3139 Euripidis

177 3152 290 3219 locum
303 3151 437 3220 Heracl.
452 3149 536 3220 769.
552 3155 653 3242 quein
669 3155 715 3221 ita
727 3153 855 3221 scribit:
887 3151 1022 3226 οὔποτε
1043 3151 1192 3226 θνατοῦν
1214 3147 1279 3246 ἧσ-

179 3255 278 3334 οονίς
292 3248 379 3325 ποτ’
402 3251 448 3325 οἲν
466 3255 503 3326 ἔκ
524 3251 560 3347 γ’
574 3257 666 3348 ἐμοῦ
679 3255 892 3348 φανοῦνται.
919 3255 1013 3323 Libri
1029 3251 1098 3328 εἴτ’
1118 3253 1210 3346 ἐμοῦ
1223 3253 1280 3322 vel

154 3351 262 3428 ὀὔτ’
287 3353 387 3448 ἐμοῦ.
441 3355 539 3440 Quae
564 3357 625 3431 bic
652 3358 829 3426 Elmsleius
860 3357 928 3425 duo
956 3357 1147 3426 foedissima
1174 3357 1287 3424 latere.

178 3456 301 3526 menda
321 3465 434 3548 putat,
459 3461 637 3551 repetitum
660 3461 750 3533 ποτὲ
774 3469 807 3528 et
828 3458 873 3532 ἄν
890 3461 1038 3529 iunctum
1051 3461 1185 3544 futuro,
1211 3480 1298 3526 non·

178 3559 303 3628 menda
318 3568 410 3646 sunt,
438 3560 498 3627 sed
518 3572 610 3631 recte
627 3564 812 3654 composita
826 3563 945 3635 oratio.
996 3563 1058 3631 llia
1074 3563 1186 3655 potins
1210 3561 1279 3630 duo

68 3715 71 3723 .
179 3661 296 3729 vitiosa
324 3670 417 3750 sunt,
450 3658 522 3734 εἴτ’
550 3665 663 3755 ἐμοῦ,
702 3674 736 3733 et
763 3664 857 3754 quod
886 3689 1010 3734 nomen
1039 3665 1280 3736 substantivum

180 3762 284 3832 deest
333 3763 519 3855 Vtrumque
532 3767 731 3858 removeris,
753 3768 781 3836 si
799 3768 985 3860 scripseris:

344 3908 435 3996 Ζεῦς
453 3941 521 4010 μοι
539 3912 747 4014 σύμμαχος,
774 3914 817 3991 οῦ
836 3918 958 4013 φοβοῦ
964 3961 989 3978 -

343 4035 432 4108 μαι·
458 4013 550 4100 Ζεῦς
562 4048 629 4114 μοι
644 4015 752 4118 χοίριν
767 4020 907 4102 ἐνδίκως

343 4119 436 4205 ἔχει·
462 4119 597 4196 οὔποτε
612 4121 761 4196 θνατῦν

252 4221 255 4230 ’
343 4216 571 4315 ῆοσουςῦιοί
583 4227 671 4299 ποτ’
686 4224 732 4299 ἄν
749 4225 788 4298 ἔν
801 4221 839 4320 μ’
851 4222 933 4320 ἐμοὶ
947 4223 1158 4323 φανοῦνται.
