2918 4890
227 314 293 378 256
358 307 412 369 DE
436 307 676 369 nuscitur
697 296 997 373 PliOMETliEO
1018 311 1212 374 SOLVTO

228 511 266 573 ut
285 497 470 570 istiusmodi
486 497 658 567 doctrinae
674 498 936 591 philosophicae
952 501 1173 590 satisfaceret,
1200 503 1340 574 alienis-

228 608 346 676 simum
367 628 387 672 a
407 626 486 697 saue
506 601 636 670 ratione
658 611 725 684 est,
752 625 863 691 neque
879 604 1006 691 utilius,
1034 628 1138 695 quam
1159 629 1338 695 quaerere,

229 712 280 801 (et
295 708 528 800 quaesivemnt
550 704 704 796 quidam)
731 705 904 796 quomodo
924 707 958 775 in
980 708 1068 776 lovis
1090 731 1237 800 persona
1254 733 1339 779 cru-

228 813 386 883 delissimi
411 809 544 902 tyranni
567 809 760 900 exemplum
780 832 976 901 proponere
998 813 1157 902 potuerit.
1210 814 1338 905 Neque

226 916 418 985 habuerunt
436 915 500 982 ista
519 911 614 1003 apud
634 911 785 980 Graecos
805 912 1044 997 offensionem,
1070 937 1135 983 nec
1150 924 1338 1007 potueruut

225 1019 371 1115 habere,
397 1018 480 1085 utin
496 1016 731 1107 religionibus,
758 1039 846 1105 quae
866 1025 957 1084 totae
973 1039 1015 1085 ex
1028 1016 1260 1086 huiuscemodi
1279 1021 1336 1088 fa-

226 1123 313 1191 bulis
343 1129 453 1190 essent
487 1119 705 1210 compositae.
757 1119 864 1186 Immo
893 1119 976 1186 illud
1003 1119 1161 1188 admirari
1187 1131 1336 1214 oportet,

228 1225 339 1316 quod,
366 1247 471 1314 quum
488 1223 532 1308 de
554 1223 691 1315 singulis
709 1221 770 1290 diis
787 1221 1015 1314 indignissima
1036 1246 1192 1313 quaeque
1209 1225 1336 1294 crede-

226 1337 316 1414 rent,
342 1337 471 1414 tameu,
497 1326 556 1394 ubi
578 1327 647 1394 siue
670 1335 762 1394 certo
784 1326 918 1394 nomine
940 1325 1042 1392 deum
1062 1327 1238 1414 dicebant,
1265 1329 1336 1396 im-

162 1490 164 1494 ,
226 1455 362 1500 munem
382 1432 425 1499 ab
440 1431 531 1497 omni
545 1429 643 1515 vitio,
670 1453 866 1519 summaque
884 1429 1055 1498 sanctitate
1073 1430 1266 1522 praeditum
1279 1433 1335 1500 iu-

144 1616 146 1620 ,
225 1536 431 1626 telligebant.
482 1533 580 1600 lllam
604 1533 706 1623 igitur
727 1533 816 1600 loris
837 1532 1007 1600 saevitiam
1030 1542 1067 1599 ut
1088 1543 1246 1602 excusent
1267 1534 1336 1603 de-

225 1638 376 1706 fensores
399 1635 570 1728 trilogiae,
603 1644 637 1701 et
666 1636 737 1702 iure
761 1636 914 1726 punitum
936 1637 1053 1703 volunt
1074 1636 1335 1730 Prometheum,

226 1763 335 1830 eaque
351 1761 467 1807 caussa
480 1739 565 1807 miro
581 1738 686 1806 modo
699 1737 958 1830 interpretantur
968 1738 1052 1806 illud
1065 1762 1095 1807 v.
1119 1737 1204 1807 266.

329 1885 437 1978 ἑκών,
465 1884 553 1965 ἑκών
569 1888 757 1988 ἥμαρτον,
785 1886 848 1962 ov'u
866 1883 1095 1987 ἀρνήσομαι,

227 2053 262 2114 et
281 2046 316 2114 in
335 2054 496 2136 sequente
513 2043 646 2130 fabula,
672 2043 886 2112 reconciliato
905 2044 1004 2130 lore,
1030 2046 1213 2113 restitutam
1239 2045 1335 2114 arbi·
1444 2030 1447 2039 ¹

225 2157 354 2217 trantur
369 2147 692 2218 divinamiustitiaru:
707 2169 776 2236 quo
788 2148 922 2215 invento
936 2170 1057 2215 vereor
1070 2172 1112 2216 ue
1123 2171 1189 2217 uon
1202 2150 1335 2241 optime

226 2252 378 2345 dignitati
393 2251 619 2320 consuluerint
632 2253 780 2341 supremi
794 2250 946 2339 deorum,
974 2273 1077 2340 quem
1089 2250 1249 2320 decuerat
1261 2274 1334 2344 po-

222 2356 288 2423 tius
307 2378 376 2423 non
397 2356 524 2423 saevire
546 2354 701 2442 omnino,
727 2378 829 2444 quam
850 2354 976 2445 placed
996 2377 1037 2421 ea
1056 2356 1153 2448 lege,
1186 2363 1223 2422 ut
1247 2356 1332 2424 alius

222 2457 417 2525 Promethei
433 2458 507 2524 rice
524 2457 640 2524 lueret.

198 2557 224 2627 6
328 2558 400 2627 Sed
420 2557 625 2651 progredior
644 2558 688 2625 ad
710 2558 809 2626 aliud.
861 2560 950 2627 Nam
972 2582 1076 2650 quum
1095 2559 1171 2627 libri
1190 2559 1333 2649 quidam
1427 2552 1430 2557 ¹

223 2664 374 2756 personis
389 2663 499 2730 Vincti
516 2663 712 2732 Promethei
726 2661 900 2729 Tellurem
917 2672 951 2730 et
970 2663 1153 2731 Herculem
1172 2663 1332 2750 inserant,

224 2791 266 2836 ea
287 2767 421 2834 nomina
442 2767 602 2834 mansisse
621 2774 741 2858 putant
763 2787 804 2832 ex
819 2787 877 2851 eo,
905 2765 999 2855 quod
1019 2767 1054 2833 in
1068 2767 1180 2855 aliquo
1196 2775 1330 2834 vetusto

223 2869 359 2956 codice,
386 2870 443 2960 qui
468 2869 576 2938 Soluti
594 2892 729 2958 quoque
748 2868 941 2936 Promethei
960 2877 1093 2960 partem
1118 2869 1330 2953 continuerit,
1432 2910 1434 2914 ·

222 2973 320 3040 simul
342 2995 459 3040 omnes
474 2973 647 3060 utriusque
668 2971 803 3039 fabulae
820 2994 986 3061 personae
1008 2973 1132 3041 fuerint
1148 2994 1330 3048 enumerae

104 3123 106 3126 ψ
221 3083 286 3143 tae.
340 3076 453 3160 Quam
478 3075 704 3143 coniecturam
727 3083 764 3140 ut
780 3075 997 3157 confirment,
1031 3074 1227 3142 incredibili
1240 3075 1329 3142 levi-

220 3168 289 3246 tate
311 3178 575 3270 Agamemnonis
598 3199 820 3268 persouarum
843 3177 987 3244 indicem
1010 3177 1173 3264 afferunt,
1199 3178 1232 3246 iu
1256 3200 1328 3267 quo

222 3305 264 3350 ex
279 3281 492 3372 Choephoris
506 3281 704 3352 accesserint
719 3278 867 3366 Orestes,
892 3281 1040 3362 Electra,
1063 3281 1182 3348 nutrix.
1235 3281 1327 3348 Nam

221 3408 278 3454 eas
292 3392 541 3476 personas'non
559 3384 668 3452 codex
684 3385 787 3470 ullus,
815 3382 875 3451 sed
894 3383 978 3455 Adr.
996 3384 1176 3452 Turnebus
1191 3382 1326 3470 adiecit,

221 3487 333 3578 quod,
356 3487 404 3552 uti
423 3493 495 3552 tum
514 3486 651 3576 quidem
669 3489 882 3579 Agamemno
901 3496 934 3553 et
954 3485 1152 3578 Choephori
1174 3487 1208 3553 in
1222 3509 1327 3554 unam
1352 3567 1356 3575 Ι
1406 3556 1415 3571 κ

220 3591 370 3659 fabulam
391 3589 599 3675 coaluerant,
626 3590 745 3658 deesse
764 3613 820 3661 eas
842 3589 1061 3661 existimabat.
1114 3590 1155 3656 ln
1179 3590 1325 3658 Prome-

220 3693 302 3762 theo
316 3695 437 3762 Vincto
455 3692 589 3760 codices
607 3694 708 3784 pauci
723 3693 883 3775 Telluris,
905 3694 1095 3760 Robortelli
1114 3691 1215 3760 editio
1231 3693 1325 3760 Her-

222 3798 325 3880 culis,
351 3806 530 3885 utrumque
550 3818 673 3863 nomen
692 3793 792 3862 editio
808 3796 931 3863 Aldina
952 3795 1091 3868 addunt.
1145 3795 1257 3863 Fluxit
1275 3795 1324 3879 id,

219 3909 258 3967 ut
272 3900 355 3967 mihi
368 3900 505 3988 quidem
520 3897 670 3985 videtur,
693 3921 735 3966 ex
756 3899 868 3988 aliqua
893 3899 1080 3990 argumenti
1103 3898 1324 3982 enarratione,

219 4003 253 4070 in
267 4025 333 4092 qua
346 4012 480 4092 praeter
493 4024 675 4094 personas,
702 4024 789 4090 quae
806 4002 839 4068 iu
854 4025 988 4068 scenam
1002 4002 1194 4093 prodirent,
1221 4001 1323 4068 etiam

218 4107 296 4175 illae
315 4105 449 4172 fuerunt
462 4106 670 4193 nominatae,
693 4127 776 4193 quas
792 4113 896 4196 poeta
910 4127 978 4172 uon
994 4104 1229 4172 introduxisset
1244 4102 1323 4193 qui-

218 4210 298 4277 dem
313 4199 463 4299 agentes,
490 4208 551 4276 sed
567 4217 861 4277 commemorasset
876 4217 989 4276 tamen
1005 4217 1041 4275 ut
1056 4230 1132 4274 cum
1146 4206 1221 4274 fatis
1233 4206 1323 4273 Pro-

217 4311 344 4381 methei
363 4311 564 4384 coniunctas.
616 4312 685 4398 llli,
713 4311 832 4402 quide
851 4312 1019 4380 communi
1032 4332 1251 4404 personarum
1266 4308 1321 4375 iu-
