2918 4890
352 1258 470 1347 DE
540 1252 1199 1345 HYPERBOLE

463 1447 1102 1540 orssuornuroo

669 1720 873 1730 ———

207 1920 360 2023 aMulu
374 1961 450 2019 sunt
462 1952 496 2019 in
509 1950 763 2044 philologornm
776 1952 1037 2019 armamentariis
1050 1952 1197 2043 reposita
1206 1951 1332 2020 instru-

229 2064 358 2142 menta,
384 2076 528 2144 quorum
553 2055 716 2123 fabricam
740 2064 841 2144 atque
863 2077 961 2123 usum
985 2055 1042 2144 qui
1065 2055 1204 2141 callent,
1237 2065 1333 2123 recte

229 2159 267 2226 iis
284 2167 410 2227 etcum
424 2158 535 2226 fructu
550 2167 702 2239 utuntu13
729 2159 869 2246 quinon
885 2158 1016 2244 callent,
1041 2156 1124 2226 nihil
1137 2158 1333 2249 proliciunt,
1397 2168 1401 2174 “

229 2262 291 2330 uisi
306 2270 345 2329 ut
359 2262 511 2329 territent
526 2261 701 2329 nonnullos
713 2255 779 2332 cclv
800 2255 901 2332 σάκει
917 2253 1178 2355 κωδωνοκρότῳ
1201 2264 1331 2333 παλαι·

230 2358 326 2436 ocal·
377 2363 417 2430 ln
432 2363 470 2430 iis
489 2364 708 2430 instrumentis
725 2384 794 2429 non
814 2362 965 2430 ultimum
983 2372 1098 2430 tenent
1112 2363 1224 2430 locum
1241 2385 1331 2452 quae

230 2488 252 2532 a
271 2464 497 2557 grammaticis
521 2473 555 2533 et
576 2465 654 2532 anis
676 2465 810 2532 dicendi
824 2467 989 2558 magistris
1006 2467 1139 2558 figurae
1156 2474 1331 2552 vocantur,

227 2567 515 2660 promptissimum
538 2568 629 2635 omni
654 2568 758 2636 ulceri
783 2569 1014 2660 emplastrum:
1048 2569 1177 2661 quippe
1204 2591 1331 2637 nomen

228 2671 393 2740 silentium
414 2670 515 2762 facit,
541 2681 594 2755 ut,
621 2672 800 2762 enallagen
815 2672 870 2739 vel
894 2671 932 2743 ’ἐν
957 2664 1020 2763 dccl
1035 2674 1135 2743 δυοῖν
1155 2672 1331 2740 simemo-

227 2797 300 2861 ree,
330 2797 493 2863 quaerere
520 2773 602 2864 quid
632 2772 669 2840 id
699 2775 741 2841 sit
769 2774 942 2866 indignum
969 2773 1046 2860 rati,
1079 2773 1235 2841 fraudem
1264 2775 1330 2843 sibi

226 2878 302 2945 fieri
323 2878 501 2968 patiantur.
536 2877 583 2943 Et
600 2885 712 2944 tamen
730 2876 785 2943 vix
803 2877 906 2943 ullam
920 2877 1055 2944 istarum
1069 2876 1216 2944 invenias
1232 2877 1330 2969 figu-

227 3001 362 3066 rarum,
388 3003 476 3071 quac
497 2979 524 3047 si
544 2980 730 3046 accuratius
753 2978 999 3065 consideretur,
1024 2980 1070 3046 ita
1093 2980 1134 3046 sit
1150 2979 1328 3070 explicata,
1382 3048 1392 3063 ,

227 3092 281 3167 ut,
309 3105 396 3172 quae
417 3083 459 3150 sit
479 3083 549 3150 cius
572 3091 706 3168 natura,
733 3104 820 3170 qnae
841 3083 908 3164 ris,
937 3083 994 3170 qni
1015 3082 1117 3168 fines,
1151 3083 1209 3171 qui
1233 3105 1328 3171 usus,
1362 3058 1379 3093 ³

229 3184 305 3253 satis
319 3193 444 3276 pateat
496 3184 596 3252 Libet
616 3184 653 3251 id
668 3185 702 3252 in
715 3207 782 3251 una
794 3186 910 3276 paucis
927 3184 1121 3270 ostendere,
1147 3184 1323 3276 hyperbo-

228 3289 283 3356 len
305 3287 398 3372 dico,
427 3308 495 3354 non
516 3309 584 3376 quo
603 3297 661 3354 aut
681 3286 847 3359 exhauriri
860 3310 963 3379 posse
983 3296 1053 3354 tam
1072 3287 1233 3355 infinitam
1249 3311 1327 3356 ma-

228 3391 345 3458 teriam
367 3389 419 3457 his
437 3391 552 3481 paucis
563 3391 707 3483 pagellis
722 3413 876 3482 sperem,
902 3399 959 3458 aut
975 3389 1136 3480 exquisita
1155 3391 1256 3458 velim
1271 3400 1326 3458 at-

227 3517 294 3583 quc
308 3491 482 3561 recondita
500 3493 533 3560 in
555 3494 704 3562 medinm
719 3493 862 3582 afferre,
888 3493 950 3562 sed
966 3502 1004 3561 ut
1017 3503 1051 3561 el
1068 3516 1199 3562 errores
1218 3517 1326 3583 quos·-

226 3596 306 3664 dam
320 3618 533 3680 removeam,
559 3605 594 3665 et
607 3619 695 3685 qnae
711 3596 881 3686 permulta
896 3596 940 3665 de
956 3597 1012 3664 illa
1026 3597 1138 3688 ligura
1153 3595 1220 3664 dici
1233 3620 1324 3688 pos-

226 3708 319 3785 sunt,
353 3722 436 3789 quas
458 3700 601 3767 maxime
625 3700 661 3766 in
683 3708 797 3790 partes
818 3698 1045 3768 distribuenda
1062 3698 1236 3768 videantur
1258 3698 1324 3768 de-

226 3802 366 3894 signem.
417 3801 576 3871 Definivit
593 3824 668 3869 eam
691 3801 743 3869 his
765 3801 874 3869 verbis
895 3801 1062 3893 Trypho,
1089 3825 1147 3871 seu
1172 3803 1323 3892 quisquis

225 3914 276 3972 est
289 3905 432 3996 scriptor
447 3904 549 3974 libelli
562 3904 606 3974 de
619 3903 736 3996 tropis,
763 3903 894 3974 duobus
907 3905 943 3973 in
952 3903 1080 3974 Museis
1095 3905 1215 3976 criticis
1229 3905 1322 3989 editi,

308 4205 342 4290 ἰ)
365 4207 452 4269 Edita
469 4217 515 4268 est
530 4227 555 4268 a.
570 4211 661 4274 1829.
