2918 4890
197 316 276 385 lto,
538 317 598 378 ult
635 317 909 384 ulnrlcvnn
930 316 977 387 «tv

197 513 289 591 sunt,
311 529 398 595 quae
418 505 522 584 modo
542 507 727 598 attulimus,
752 536 804 606 μη
830 507 917 604 noir
938 539 960 603 y
993 507 1146 612 ἀκούσῃς
1166 525 1202 586 et
1219 517 1304 617 πρὶν

195 602 428 702 ἐκπύθωμαι,
456 619 557 700 atque
567 611 641 700 illa,
668 635 756 702 qnae
774 611 873 682 affert
886 614 1072 709 Reisigius,

244 761 335 860 μηδὲ
348 759 448 860 δίκην
462 735 615 862 δικάοης,
640 763 725 862 πρὶν
739 764 786 839 cic
801 761 942 861 ἀμφοῖν
956 764 1125 860 μύθοκ’
1100 763 1268 868 ἀκούσῃς,

195 924 230 986 ct
246 917 416 1008 inVespis
431 939 463 990 v.
484 915 571 987 919.
1371 898 1372 901 ¹

244 1063 335 1166 node
359 1068 433 1142 acic
458 1070 574 1160 dcciv,
600 1063 655 1167 μή
679 1064 1027 1165 προκοιοηιηκύσκ,
1054 1068 1084 1146 ci
1109 1068 1245 1172 πάτιρ,

245 1171 331 1270 πρὶν
358 1168 404 1242 cic
429 1200 451 1264 y
493 1164 647 1269 ἀκούσης
673 1168 901 1269 ἀμφοτέρων

195 1309 276 1379 etin
291 1309 359 1397 Eq.
379 1305 465 1376 969.

245 1472 297 1540 μη
325 1443 451 1542 δῆτα
442 1435 499 1514 σύ
523 1437 581 1534 γ’,
608 1468 635 1512 ω
623 1434 835 1519 ς’δι’σιιοτ,
864 1436 1153 1535 ἀοτιβοιιούσΗ
1135 1436 1224 1537 ayu',

245 1546 332 1644 πρὶν
358 1543 404 1617 ἀκ
429 1571 470 1638 γε
494 1543 569 1616 τάκ
594 1540 765 1638 χρησμοῖσι
791 1536 944 1640 ἀκούσης
965 1544 1039 1618 τάν
1065 1545 1171 1638 incia

166 1734 170 1741 ·
193 1698 267 1770 Sed
285 1719 511 1790 permagnum
527 1705 639 1764 tamen
656 1693 833 1762 discrimen
848 1704 908 1764 est
960 1699 1049 1765 Nam
1069 1699 1127 1791 qui
1141 1701 1256 1767 vetat
1246 1724 1300 1768 ιιι-

194 1801 324 1888 dicare,
355 1803 551 1892 priusquam
578 1799 718 1866 alteram
737 1805 873 1888 partem
893 1799 966 1888 quis
990 1800 1170 1886 audiverit,
1204 1802 1300 1871 cohi-

193 1904 269 1973 beri
290 1903 362 1972 vult
382 1904 540 1972 iudicium
556 1923 664 1991 usque
685 1899 766 1967 dum
787 1901 972 1971 contrariae
996 1906 1176 1973 sententiae
1195 1929 1300 1998 argu-

192 2019 306 2093 menta
328 2008 393 2075 sint
412 2007 581 2099 exposita:
609 2026 678 2095 quo
701 2011 830 2070 tantum
853 2004 949 2079 abest
962 2015 1000 2077 ut
1022 2007 1212 2098 significet,
1239 2032 1300 2076 co-

192 2112 364 2205 gniturum
384 2133 425 2178 ea
446 2132 549 2200 quem
573 2131 668 2192 esse,
694 2115 731 2174 ut
752 2105 832 2174 nihil
857 2107 949 2176 aliud
973 2111 1074 2193 velit,
1108 2133 1210 2199 quam
1232 2134 1301 2180 non

193 2238 269 2286 esse
287 2213 519 2299 iudicandum,
543 2213 571 2281 si
591 2233 662 2280 uon
675 2211 883 2301 cognoverit.
934 2212 982 2280 Et
996 2213 1031 2280 in
1052 2212 1142 2281 hanc
1165 2223 1300 2283 senten-

192 2319 274 2386 tiam
293 2317 421 2384 dictum
442 2325 492 2384 est
511 2314 611 2400 illud,
638 2311 731 2403 quod
754 2335 796 2380 ex
809 2313 933 2406 Vespis
952 2324 1004 2384 est
1028 2316 1173 2386 allatum.
1225 2317 1300 2385 Eo-

192 2421 341 2509 demque
368 2418 472 2486 modo
493 2420 529 2484 in
547 2415 727 2505 Equitibus
749 2426 853 2507 negat
876 2417 962 2486 Cleo
987 2442 1024 2486 se
1046 2442 1167 2487 munus
1187 2443 1299 2489 susce-

190 2531 347 2617 pturum,
372 2521 436 2588 nisi
458 2519 594 2588 oracula
616 2518 677 2585 sua
699 2519 849 2608 populus
869 2520 1041 2590 audiverit
1094 2522 1166 2591 Sed
1193 2546 1238 2589 an
1258 2548 1299 2592 ea

191 2627 234 2695 sit
255 2624 311 2692 ifle
333 2622 524 2711 auditurus,
548 2623 582 2689 in
602 2621 735 2688 incertis
760 2622 965 2712 relinquitur.
1016 2625 1140 2694 Postea
1161 2625 1298 2695 demum

93 2760 96 2764 ·
191 2727 292 2798 effert
304 2727 395 2796 illae
413 2726 517 2795 domo
533 2749 603 2817 sua,
630 2731 665 2792 et
678 2723 805 2792 recitat
859 2726 987 2795 Contra
999 2728 1034 2795 in
1045 2729 1108 2797 illis
1126 2731 1298 2821 exemplis,

190 2855 279 2922 quac
299 2854 402 2923 supra
425 2830 595 2916 dedimus,
622 2835 752 2896 certum
772 2826 871 2897 instat
893 2829 1031 2918 factum,
1057 2832 1151 2921 quod
1167 2854 1209 2899 co
1221 2834 1298 2923 ipso

190 2959 259 3004 non
284 2934 400 3002 debuit
425 2958 489 3026 per
509 2933 555 3006 ἀκ
580 2933 743 3000 incertum
764 2929 872 3000 reddi.
924 2932 1014 3000 Hinc
1036 2958 1137 3026 spero
1159 2933 1298 3004 iudicari

116 3069 122 3084 ·
189 3039 315 3132 poterit
330 3037 374 3105 de
388 3036 446 3105 illo
459 3035 495 3104 in
508 3034 656 3105 Acharn.
671 3030 756 3100 294.

241 3191 311 3265 ΔΙ.
322 3185 494 3262 ἀκτὶιιἱ
465 3179 901 3282 ωκὲσπειοάμηνούκῖστ
915 3180 970 3258 ἔτ’
976 3181 1129 3260 ’ἀλλΗ
1104 3185 1296 3263 οκούσοτσ

239 3297 324 3368 XO.
354 3291 420 3365 σού
449 3320 471 3385 η
507 3283 740 3384 ἀκούσωμσκς
765 3284 914 3360 ἀπολεῖ·
949 3281 1044 3362 κάτο
1068 3315 1108 3363 σι
1132 3285 1296 3386 χώσομεν

767 3417 844 3471 τοις
856 3389 985 3472 ledeos

242 3498 312 3572 ΔΙ.
338 3493 522 3595 μηδαμῶς,
543 3494 630 3590 πρὶν
648 3490 748 3588 ἀτη
760 3486 952 3589 ἀκούσητ’·
979 3490 1062 3569 ἀλλ’
1079 3487 1296 3585 ἀνάσχεσθ’,
1366 3587 1368 3591 y

768 3592 920 3688 ἀγαθοί.

189 3733 449 3816 sicBenueius‚
474 3730 672 3818 Elmsleius,
699 3732 878 3824 Reisigius.
927 3732 1023 3801 Libri
1036 3732 1215 3803 fluctuant:
1240 3733 1296 3852 alii

189 3835 275 3955 πρὶν
288 3836 334 3908 civ
352 3827 548 3930 ἀκούσητε,
575 3834 629 3901 alii
647 3859 731 3930 now
747 3832 793 3906 ἀν
809 3829 988 3932 ἀκούσητε
1007 3863 1065 3928 γε,
1092 3835 1147 3903 alii
1158 3830 1295 3930 noiry'

189 3937 236 4012 ἀκ
250 3933 442 4062 ἀκούσητε,
463 3937 641 4005 Ravennas
656 3959 738 4005 vero
754 3945 788 4004 et
801 3937 1006 4025 scholiastes,
1032 3933 1168 4032 boiry
1185 3931 1295 4010 ἀκού-

191 4069 297 4139 σητε,
325 4040 394 4108 sine
415 4038 482 4118 οἷο,
507 4049 612 4131 recte,
639 4041 717 4131 quia
739 4041 806 4108 iam
829 4041 976 4110 dicturus
998 4050 1049 4110 est
1068 4041 1295 4134 Dicaeopolis,

189 4155 227 4214 ut
241 4144 324 4213 nihil
336 4143 413 4211 lric'
404 4144 521 4210 incerti
537 4144 587 4211 sit.
639 4143 712 4214 Sed
725 4146 822 4213 metri
832 4144 956 4214 indicio
971 4145 1097 4232 scribe,

185 4275 187 4280 Ι
241 4296 483 4399 dimidii&
511 4293 598 4393 uolt
613 4294 648 4388 γ’
669 4293 852 4395 ἀκούσητ’.
