2918 4890
172 283 238 347 8oe
423 278 715 340 lucusolertrvu
736 280 849 343 truse
871 280 1023 343 PRIMVS.

175 492 267 540 care:
299 467 469 560 negabam
504 468 603 536 etiam
634 470 824 562 comparari
855 492 958 562 posse
995 493 1023 537 v.
1050 467 1150 539 634.
1193 495 1303 563 quem

173 576 246 667 ipse
270 595 306 665 p.
329 569 390 639 66.
419 573 465 639 sic
491 570 667 640 scriberetz

225 725 248 824 ἢ
275 724 332 799 col
356 698 425 820 μὲν
452 721 553 820 ἡμεῖς
574 724 742 822 πανταχῇ
767 724 1058 823 δρῶντες-φίλα,

174 878 269 970 quod
294 879 340 946 ibi
368 878 584 969 participium
603 887 720 969 aperte
744 878 901 949 adiectivi
926 880 1040 949 officio
1066 880 1301 974 fungeretur.

174 981 247 1052 Sed
272 1004 342 1050 non
367 1005 441 1050 esse
466 981 660 1050 mutandam
685 982 848 1051 librorum
879 984 1096 1078 scripturam,
1135 1007 1216 1073 qua
1246 986 1302 1054 ni-

174 1085 222 1153 hil
244 1086 352 1154 sanim
373 1094 475 1153 esset:

226 1236 327 1334 ἤσοὶ
352 1237 420 1331 μὲν
445 1233 547 1336 ἡμεῖς
572 1237 741 1336 πανταχῇ
766 1237 919 1336 dpuirres
945 1236 1057 1335 pilos.

173 1391 253 1482 lpse
283 1400 404 1483 postea
433 1391 469 1459 in
491 1391 638 1460 editione
670 1390 853 1483 Sophoclis
885 1400 1028 1483 utroque
1058 1391 1142 1458 loco
1172 1380 1299 1460 tacens

174 1494 381 1562 Brunckium
404 1495 499 1584 sequi
527 1494 627 1563 satius
654 1493 758 1567 duxit.
788 1536 795 1547 =

276 1647 449 1718 XXXVIL
488 1648 527 1717 Ρ.
547 1642 632 1714 115.
659 1670 765 1736 quum
790 1641 1067 1733 contendisrctui
1092 1669 1181 1716 cum
1207 1649 1298 1717 sub-

176 1753 318 1821 stantivo
348 1761 382 1820 et
407 1750 573 1818 adiectivo
599 1751 812 1818 coniunctum
840 1773 975 1842 semper
999 1750 1204 1843 proximum
1230 1753 1296 1819 ha-

174 1856 257 1925 bere
278 1879 399 1923 nomen
420 1854 574 1946 gravius,
601 1852 820 1943 dixissetque:
847 1853 979 1948 „Quae
997 1874 1105 1945 quum
1119 1853 1186 1922 ita
1203 1856 1295 1945 mni,

170 1958 349 2051 pervelim
377 1983 402 2027 a
436 1958 603 2027 Porsono
639 1956 799 2026 excitari
823 1979 844 2024 e
869 1954 1111 2049 scriptoribus
1131 1957 1297 2050 probae

177 2061 407 2130 Graecitatis
432 2061 572 2153 aliquot
598 2061 699 2130 locos
719 2059 855 2132 similes
880 2059 964 2128 hicio
993 2060 1030 2128 in
1055 2058 1183 2152 Epist.
1212 2063 1294 2132 Ca-

176 2164 263 2234 thol.
298 2163 429 2232 Iaculi
460 2163 516 2232 ΙΙ.
550 2162 609 2234 26.
643 2159 671 2235 oi
699 2160 872 2258 ἄνθρωπε
905 2164 1024 2236 κενέ.“
1056 2163 1091 2229 iu
1125 2164 1295 2233 subiecta

174 2267 390 2337 adnotatione
424 2266 471 2335 sic
511 2267 657 2359 scripsit:
696 2265 774 2352 „Id
805 2265 885 2335 viro
918 2265 1064 2350 eximio,
1106 2275 1152 2335 ut
1188 2265 1294 2337 nunc

173 2371 292 2464 ipisum
317 2370 443 2453 video,
477 2369 581 2438 haud
608 2366 766 2464 difficile
790 2369 870 2438 erit.
931 2367 1020 2438 Vide
1043 2368 1134 2437 milri
1162 2370 1293 2464 ipsum

175 2473 397 2566 Sophoclem
414 2472 555 2542 Electr.
577 2496 609 2541 v.
626 2470 712 2539 622.
740 2467 924 2565 uiuips'uu’
942 2468 1094 2551 ἀναιδές.
1113 2495 1148 2540 υ.
1170 2473 1292 2546 1161.

175 2573 330 2667 sidium
344 2567 501 2669 οἰκτρόν.
544 2575 746 2667 Euripides
773 2572 912 2642 Bacch.
925 2570 1012 2646 598.
1039 2575 1096 2644 ed.
1112 2574 1290 2653 Bruruclr,
1408 2606 1414 2645 ·,
1437 2665 1441 2684 Ι

175 2674 204 2751 oi
236 2671 327 2770 peior
364 2677 548 2770 μέγιστον.
611 2679 726 2749 Plato
765 2676 934 2746 Phaedr.
968 2700 1064 2771 pag.
1093 2676 1189 2752 24⁰.
1228 2681 1289 2749 ed.

178 2781 312 2851 Heind.
352 2777 382 2853 oi
413 2787 484 2853 παῖ
505 2783 600 2855 καλέ.
662 2779 742 2850 Nec
778 2778 903 2848 dubito
933 2781 1051 2873 plura
1093 2785 1291 2876 exempla,

176 2907 270 2977 qaue
296 2884 382 2953 item
400 2885 646 2977 postpositum
671 2881 831 2953 habeant
855 2905 983 2953 nomen
1007 2883 1193 2977 grauius,
1211 2885 1291 2980 sa·
1407 2886 1411 2971 f

174 2988 236 3056 cili
262 3010 377 3082 opera
408 2986 627 3081 investigari
649 3009 770 3079 posse.
778 2991 800 3027 “
850 2985 958 3076 Mihi,
993 2988 1026 3069 si
1045 3009 1174 3055 nomen
1200 3012 1290 3081 gra-

172 3092 246 3159 vius
280 3100 315 3158 et
347 3089 495 3181 priorem
527 3099 561 3158 et
592 3091 814 3181 posteriorem
845 3090 959 3157 locum
993 3099 1108 3158 tenere
1146 3102 1290 3181 posset,

173 3194 255 3261 nihil
288 3193 523 3261 interfuturum
553 3193 747 3278 videbatur,
788 3201 864 3260 utro
896 3193 999 3261 modo
1030 3193 1122 3282 loqui
1156 3194 1289 3284 aliquis

173 3295 372 3388 praeferret.
432 3297 479 3364 At
511 3297 654 3365 multum
686 3296 863 3364 iuteresse:
904 3319 984 3363 nam
1016 3304 1107 3363 certa
1133 3294 1224 3389 lege
1258 3293 1291 3369 ω’

173 3401 258 3491 poni
280 3407 356 3467 ante
377 3421 500 3467 nomen
526 3400 613 3487 eius,
647 3398 742 3489 quod
767 3399 841 3486 quis
867 3399 1072 3490 appellaret:
1106 3397 1232 3488 itaque
1259 3400 1289 3468 si

174 3503 329 3586 miseros,
360 3502 419 3590 qui
447 3503 546 3593 pueri
577 3511 704 3583 essent,
734 3501 800 3569 dici
826 3495 854 3571 ai
882 3500 1021 3597 οἰκτροὶ
1046 3503 1191 3580 παῖδες;
1234 3503 1290 3571 εἰη

174 3628 318 3696 pueros,
353 3605 411 3694 qui
438 3605 567 3685 miseri,
601 3602 630 3678 oi
658 3607 780 3682 παῖδες
814 3603 963 3699 οἰκτροί.
1016 3603 1073 3672 Sic
1099 3602 1156 3692 qui
1183 3606 1289 3696 apud

176 3708 350 3776 Platonem
379 3706 506 3776 diceret
535 3701 565 3779 oi
597 3714 666 3781 παῖ
701 3707 803 3787 καλέ,
843 3729 911 3775 non
942 3705 1098 3796 admirari
1128 3704 1288 3776 formam

175 3811 290 3902 pueri,
323 3809 384 3878 sed
413 3833 535 3879 vocare
564 3834 660 3898 eum,
694 3811 752 3899 qui
772 3831 859 3900 puer
883 3809 1049 3878 formosus
1080 3808 1286 3880 haberetur.

176 3913 234 3983 Sic
267 3911 476 4004 Sophoclem
516 3907 545 3984 tl
577 3909 721 4005 θρέμμ’
752 3908 894 3992 α’ναιδές
933 3923 967 3981 et
1002 3907 1031 3984 oi
1063 3912 1173 4003 δέμας
1221 3917 1287 3987 oi-

175 4008 305 4112 κτρόν,
334 4016 380 4083 sic
406 4015 569 4087 Iacobum
595 4011 624 4088 oi
650 4013 822 4106 disipulis
851 4016 927 4089 aaut
953 4014 1084 4083 dixisse.
1135 4013 1180 4081 ld
1200 4017 1286 4109 pla-

116 4176 118 4181 ,
174 4118 306 4188 nissime
339 4119 488 4212 perspici
521 4142 563 4188 ex
597 4117 768 4210 Euripidis
802 4141 918 4206 versu,
952 4141 1054 4209 quem
1074 4138 1152 4210 ,non
1182 4120 1304 4191 affe-¹
