2918 4890
188 274 252 336 lm
528 267 588 331 DE
611 266 890 329 Panrrcvna
911 261 959 333 ἂν

190 460 247 550 qni
274 456 424 544 inheret,
459 480 528 526 non
553 458 664 548 potnit
686 479 755 524 non
787 458 974 550 optativum
1000 479 1141 550 ponere.
1195 458 1302 544 Quod

189 560 315 631 ibidem
330 559 431 628 affert
445 559 650 629 Schaefems
665 582 708 627 ex
720 559 815 632 lliad
830 565 862 634 δ.
878 560 939 632 93.
956 589 989 659 η.
1004 560 1066 628 48.

291 710 316 811 ἦ
331 708 380 811 (ια’
395 709 438 786 νιί
450 711 519 807 μοί
531 741 570 822 τι
584 711 715 786 πίθοιο
723 740 737 804 ,·

189 893 257 940 non
276 880 343 954 est,
369 876 407 936 ιιι
426 867 707 959 ipse.existimare
723 865 871 951 videtur,
897 865 1025 934 dietum
1045 869 1187 952 omissa,
1212 890 1302 958 quae

190 971 347 1041 addenda
371 970 507 1054 fuisset,
533 970 716 1061 particula,
742 968 803 1036 sed
825 969 904 1058 qnia
932 969 1080 1037 conditio
1104 972 1216 1038 abest:
1239 994 1302 1039 ve-

191 1076 282 1144 lisne
303 1072 392 1141 mihi
410 1021 586 1140 odedire?
611 1074 700 1140 Nam
716 1072 774 1139 ubi
796 1072 882 1138 inest
901 1072 1118 1159 οοιιιιὶιὶο,
1093 1102 1138 1145 αν
1162 1082 1213 1140 est
1237 1075 1301 1140 ad-

189 1175 388 1259 iiciendum,
415 1174 485 1240 ιιι
475 1195 510 1240 ιιι
529 1196 572 1242 eo
595 1196 713 1260 versu,
739 1174 797 1263 qui
818 1175 854 1240 in
874 1174 991 1264 priore
1013 1175 1089 1242 loco
1111 1177 1222 1243 statim
1245 1200 1301 1244 se-

191 1278 320 1368 quitur,

294 1426 418 1523 τλαίης
431 1454 491 1498 m
504 1422 684 1521 Μενελάῳ
697 1427 917 1521 ἐπιπροέμεν
931 1420 1047 1515 ναχιίν
1063 1420 1120 1499 ἰόν
1127 1454 1142 1518 ,·

191 1586 325 1674 Nempe
340 1579 374 1650 ai
388 1576 468 1670 qm’a
482 1586 518 1646 te
529 1587 651 1671 roget.
685 1578 791 1669 Apud
804 1579 981 1647 Platonem
994 1580 1146 1672 Enthyd.
1160 1605 1196 1705 p.
1214 1579 1301 1654 292.

191 1687 233 1756 E.
256 1685 333 1754 libri
349 1703 532 1750 consensu:
559 1679 618 1752 ναί
636 1677 726 1773 ὅπερ
746 1682 868 1772 ἔλεγον
879 1735 893 1769 ,
919 1682 989 1753 τοῦ
1006 1685 1087 1754 ἴσου
1097 1681 1193 1810 ημῖν
1209 1687 1307 1756 ε’νδιῖ

192 1789 216 1884 ἢ
232 1790 288 1861 ἔτι
305 1787 452 1907 πλέονος
472 1777 563 1879 πρός
578 1811 622 1855 νο
615 1777 831 1855 εἰδιναι’
791 1809 845 1861 τις
865 1810 938 1854 ποτ
968 1784 1067 1856 ἐστίν
1085 1814 1105 1880 η
1122 1781 1303 1883 ἐπιστήμη

193 1890 329 1986 ἐκείνη,
357 1887 380 1983 ἢ
403 1885 497 1982 ημᾶς
519 1883 737 1975 εὐδαίμονας
751 1879 945 1980 ποιήσοιεν.
999 1887 1303 1957 Senticbatvitium

191 1992 428 2075 Ηοίιιιιοιιιιιε,
454 1989 512 2078 qui
537 1983 681 2084 ποιήσει
708 1987 869 2079 scriptum
891 1989 1056 2066 malebat
1082 1993 1233 2084 suppleri
1249 2003 1301 2059 ta·

192 2121 271 2166 men
288 2095 333 2162 ad
354 2090 581 2185 optativum
555 2120 601 2163 αν
615 2114 717 2181 posse
731 2101 839 2161 ratus.
865 2092 901 2158 in
916 2115 985 2182 qno
1001 2093 1135 2162 fallitur.
1190 2094 1303 2187 Opta-

191 2201 277 2269 tirus
293 2197 432 2287 quidem
446 2205 538 2264 recte
559 2218 596 2262 se
613 2195 736 2281 habet,
763 2193 825 2263 sed
838 2203 875 2262 ιιι
896 2196 938 2262 sit
952 2197 1110 2264 orationis
1133 2199 1303 2287 obliquae,

193 2326 296 2396 quam
310 2301 357 2368 sic
374 2300 529 2367 restitue:
556 2296 616 2368 ναί
642 2294 732 2392 ὅπερ
753 2298 875 2389 ἔλεγον
890 2299 960 2371 τοῦ
976 2301 1055 2371 ἴσου
1072 2297 1159 2395 η’μίν
1175 2305 1302 2392 ἐνδεῖν,

193 2403 439 2475 constructione
472 2401 547 2487 illa,
585 2399 630 2467 de
661 2422 730 2489 qua
760 2400 888 2468 dictum
920 2402 966 2470 ad
1000 2403 1116 2495 Viget.
1143 2428 1179 2497 p.
1214 2401 1301 2476 745.

718 2706 775 2776 Vl.

261 2860 328 2929 De
349 2860 561 2953 optativo
586 2871 755 2932 rectae
781 2863 1015 2935 οναιὶοοίε
1042 2885 1141 2932 cum
1166 2861 1231 2937 ὀίν.

294 3014 365 3081 lam
389 3014 538 3104 deniquev
559 3014 738 3104 dicendum
765 3026 817 3085 est
841 3017 885 3085 de
907 3019 1046 3109 optativi
1066 3041 1130 3086 usn
1156 3042 1217 3108 eo,
1243 3020 1302 3110 qui

193 3116 333 3208 adiungi
345 3119 494 3207 postulat
508 3117 708 3208 particulam
724 3116 780 3192 οίν.
821 3121 935 3210 Atque
950 3145 992 3188 ex
1005 3124 1055 3207 iis,
1083 3145 1170 3211 quae
1182 3122 1301 3191 hacte-

192 3243 255 3289 nus
272 3219 362 3287 dicta
376 3227 461 3305 sunt,
488 3220 565 3288 satis
577 3220 717 3311 planum
730 3246 802 3292 esse
815 3233 983 3315 putamuS,
1013 3226 1189 3318 propriam
1203 3226 1301 3294 huius

194 3322 442 3392 commotionis
457 3324 526 3390 vim
541 3347 613 3392 esse
628 3348 713 3414 eam,
740 3335 777 3394 ιιι
790 3327 904 3418 opinio
917 3350 993 3394 curn
1010 3329 1201 3396 conditione
1218 3351 1300 3397 con-

192 3428 304 3495 iuncta
328 3425 543 3518 significetur.
596 3429 661 3497 vix
690 3431 796 3498 ullum
826 3430 904 3498 huic
929 3433 1050 3500 rationi
1078 3431 1301 3500 declarandae

193 3531 302 3623 aptius
323 3529 541 3621 exemplum
531 3533 668 3599 inveniri
680 3533 821 3625 poterit,
849 3557 951 3624 qnam
977 3534 1061 3644 illud
1080 3535 1275 3627 Aeschyli
1266 3560 1301 3604 m

192 3629 391 3726 Ag.1057.

297 3779 398 3866 laada
414 3781 490 3858 δ”
465 3813 511 3857 αν
527 3781 618 3856 odra
635 3786 827 3913 μορσίμων
841 3783 1100 3885 α’μρινμοίτων,

296 3883 438 3960 πείθοι’
454 3885 521 3976 οίν,
548 3884 753 3960 aeneadae
783 3885 1133 3986 dnaedoc'ch'lcoec

193 4025 391 4096 Dubitanter
405 4024 492 4094 enim
506 4024 633 4093 dictum
647 4021 790 4098 πείθοι
803 4053 850 4098 αν
855 4078 870 4115 ,
897 4029 976 4118 quia
989 4051 1031 4097 ex
1045 4052 1086 4099 eo
1099 4029 1238 4123 pendet,
1263 4039 1301 4099 ιιι

193 4129 328 4221 placeat
352 4124 560 4195 Cassandrae
584 4127 741 4196 obedire:
768 4129 838 4196 sine
855 4132 1047 4202 conditione
1063 4144 1176 4202 antem
1189 4130 1300 4206 αἰπει-

193 4230 309 4329 θοίης,
335 4229 429 4320 quod
443 4229 478 4297 id
492 4239 589 4322 putat
602 4231 751 4299 futurum
768 4255 841 4302 esse
860 4232 994 4310 chorus.
1038 4237 1115 4304 Alia
1132 4237 1300 4328 quaedam
