2918 4890
213 282 236 344 4
553 273 611 336 nu
638 271 909 336 eraricum
934 230 1021 353 a,

218 465 404 562 optandum
425 474 496 554 est,
522 473 559 535 ut
582 466 655 559 quis
678 487 776 537 usum
795 467 915 536 harum
935 466 1174 559 particularum
1199 489 1321 534 secun·

218 573 300 641 dum
318 580 472 662 tempora
497 579 531 638 ct
556 579 675 662 gentes
700 579 733 638 et
748 593 874 662 genera
891 570 1058 639 scribendi
1081 569 1240 660 deinceps
1263 592 1322 636 or-

219 675 295 742 dine
316 682 555 766 persequatur,
586 684 699 740 tamen
717 674 803 741 haec
824 699 878 741 res
901 684 971 741 tam
990 673 1106 740 infiniti
1128 673 1239 764 operis
1259 681 1323 760 cst,

218 787 257 846 ut
271 801 337 868 ego
351 777 487 866 quidem
503 777 585 843 mihi
596 777 639 843 ab
653 799 693 842 ea
708 777 939 844 abstinendum
952 776 1151 868 putaverim,
1176 775 1322 864 satisque

219 880 389 963 duxerim,
419 881 539 946 veteris
561 887 690 945 tantum
714 881 873 947 sermonis
894 889 928 947 et
952 881 1021 947 eius
1044 876 1101 967 qui
1124 877 1321 945 cultissimus

217 982 361 1051 habetur
376 981 649 1049 consuetudinem
666 983 846 1073 respicere,
874 1006 915 1050 ex
928 984 965 1049 iis
980 996 1100 1068 autem,
1119 1003 1206 1070 quae
1224 981 1322 1048 laba-

79 1171 81 1175 ,
219 1109 313 1155 scens
325 1084 497 1152 Graecitas
506 1086 566 1152 sibi
574 1084 719 1173 indulsit,
732 1109 798 1154 non
807 1086 868 1153 nisi
877 1086 933 1152 hic
947 1086 1014 1151 illic
1028 1084 1153 1174 aliquid
1162 1084 1321 1154 delibare.

321 1188 384 1256 Est
403 1197 515 1255 autem
528 1188 572 1255 de
589 1189 759 1279 particulis
777 1188 823 1262 ἄν
838 1198 872 1256 et
889 1189 947 1261 κέν
963 1188 1094 1254 dicturo
1117 1196 1193 1254 ante
1210 1188 1322 1253 omnia

218 1290 309 1360 unde
333 1299 427 1359 ortae
453 1292 518 1358 sint
544 1291 783 1379 quaerendum.
844 1292 995 1376 Quarum
1016 1312 1120 1380 quum
1151 1289 1322 1381 Georgius

218 1394 376 1485 Dunbar,
402 1393 520 1482 quide
539 1394 577 1459 iis
597 1393 862 1464 dissertationem
882 1394 1001 1478 edidit,
1026 1395 1165 1460 alteram
1184 1393 1323 1484 partici-

219 1497 312 1588 pium
330 1519 401 1562 esse
421 1495 515 1562 verbi
539 1495 711 1560 cuiusdam
730 1492 819 1584 α’μί,
845 1497 939 1584 quod
959 1497 1048 1563 idem
1070 1498 1111 1564 sit
1125 1505 1225 1584 atque
1240 1492 1322 1577 ἐοὶω,

219 1600 359 1665 alteram
381 1619 423 1663 ex
443 1597 639 1688 imperativo
666 1598 760 1664 verbi
786 1599 869 1678 κέω,
895 1599 989 1687 quasi
1007 1621 1104 1690 pone
1126 1599 1233 1684 dicas,
1268 1598 1324 1664 fa-
1349 1622 1352 1629 ·

220 1710 308 1768 ctam
318 1709 424 1790 putat,
441 1700 526 1766 adeo
543 1699 722 1768 haemirae
733 1709 808 1767 sunt
826 1709 860 1767 et
872 1699 1323 1782 incredibilesderivationes,
1407 1724 1409 1731 ·

219 1811 257 1871 ut
287 1825 342 1869 eas
365 1802 510 1870 refutare
531 1824 599 1869 non
621 1802 773 1869 videatur
793 1825 920 1893 operae
939 1805 1086 1894 pretium
1110 1827 1192 1874 csse.
1244 1805 1324 1871 Non

220 1906 368 1972 omnium
380 1906 619 1995 particularum
633 1905 770 1974 inveniri
789 1907 887 1998 origo
906 1915 1035 1997 potest,
1063 1905 1124 1973 sed
1142 1906 1261 1972 multas
1281 1927 1324 1972 ex

220 2008 293 2075 aliis
314 2009 484 2098 particulis
501 2017 593 2076 natas
611 2032 685 2077 esse
700 2019 852 2100 apparet.
905 2009 1008 2093 Quod
1029 2009 1156 2075 factum
1182 2018 1232 2076 est
1254 2031 1324 2074 non

221 2111 330 2178 solum
345 2111 496 2202 pluribus
512 2111 546 2178 in
560 2134 660 2205 unam
681 2112 938 2204 coniungendis,
965 2112 1080 2201 quales
1095 2119 1170 2179 sunt
1183 2109 1272 2204 γοῦν
1290 2120 1324 2178 et

219 2206 311 2310 γάρ,
338 2214 391 2281 vel
415 2210 530 2306 cippi,
556 2215 577 2281 i.
594 2239 623 2282 e.
645 2212 778 2309 ἅναφι·
813 2215 988 2284 sedetiam
1012 2238 1101 2282 nunc
1126 2213 1323 2294 mutilando,

221 2325 257 2384 ut
277 2338 319 2384 ex
335 2317 418 2412 πέρι
435 2317 501 2411 πὲρ
516 2317 659 2397 factum3
680 2340 771 2383 nunc
788 2320 973 2410 correptius
985 2317 1259 2410 pronunciando,
1285 2325 1325 2383 ut

220 2439 263 2487 ex
288 2411 381 2512 μήν,
417 2410 478 2513 δή,
512 2416 573 2490 τοί
592 2418 785 2486 exstiterunt
803 2422 890 2510 μέν,
926 2423 984 2507 δέ,
1018 2423 1079 2512 τέ,·
1110 2420 1324 2488 nuncetiam

219 2529 361 2609 utraque
375 2521 504 2586 ratione
525 2521 718 2606 coniuncta,
744 2530 781 2588 ut
800 2544 841 2588 ex
857 2521 921 2592 νῦν
935 2523 1125 2589 dictumest
1140 2517 1192 2594 νύ.
1244 2522 1324 2589 Hu-

219 2622 363 2691 iusmodi
380 2623 484 2689 multa
501 2625 656 2717 exempla
671 2624 770 2691 etiam
783 2624 817 2709 in
833 2623 1034 2691 Germanica
1049 2626 1163 2714 lingua
1185 2634 1321 2692 exstant

219 2725 272 2793 lta
285 2723 380 2794 doch
395 2747 437 2794 er
453 2726 505 2795 da
520 2728 627 2815 aucb,
646 2726 740 2796 noch
756 2750 798 2795 ex
809 2727 906 2794 nucb
920 2726 1016 2796 aucb
1031 2728 1193 2799 exstitere.
1225 2727 1323 2795 Aliae

222 2850 264 2897 ex
282 2828 467 2896 nominibus
486 2829 655 2898 adiectivis
672 2831 782 2898 factae
798 2839 890 2913 sunt,
917 2839 954 2898 ut
973 2822 1064 2902 α’λλοέ
1074 2856 1088 2920 ,·
1113 2831 1168 2897 vel
1182 2853 1224 2897 ex
1238 2853 1324 2920 pro-

220 2931 419 3017 nominibus,
443 2939 481 2998 ut
496 2929 579 3022 ὅτις
603 2927 715 3002 velex
738 2933 921 3015 adverbio,
948 2941 985 2999 ut
998 2925 1070 3004 nod
1078 2979 1094 3011 ,
1119 2926 1212 3023 neic3
1238 2933 1323 3000 aliae

221 3056 265 3102 ex
278 3034 388 3102 verbis
405 3041 479 3101 sunt
495 3033 673 3124 derivatae,
699 3045 736 3104 ut
750 3033 821 3130 ἄρα
830 3063 844 3126 ,·
870 3036 949 3125 quin
965 3036 1064 3103 etiam
1076 3035 1207 3128 integra
1220 3026 1324 3104 verba

221 3145 279 3205 aut
296 3137 541 3205 enunciationes
556 3137 589 3205 in
611 3139 926 3230 particulasversae
948 3146 1038 3224 suut,
1064 3147 1102 3205 ut
1117 3134 1243 3229 ἀμέλει
1249 3192 1263 3226 ,
1289 3146 1324 3205 et

221 3238 316 3331 apud
329 3261 510 3328 noszwar,
528 3241 621 3329 quod
634 3251 684 3310 est
699 3264 739 3309 ex
749 3265 787 3310 ee
803 3239 851 3309 iet
863 3241 970 3310 aoabr
984 3249 1199 3308 contractum.
1226 3241 1324 3308 Haec

221 3343 281 3432 qui
307 3342 583 3430 consideraverit,
619 3367 686 3413 non
710 3343 891 3432 dubitabit,
925 3344 1064 3435 opinor,
1097 3343 1178 3433 quin
1207 3340 1252 3414 eiu
1281 3365 1325 3414 ex

222 3443 293 3518 ciac
302 3499 317 3535 ,
344 3444 403 3517 κεί·
417 3455 529 3566 autepn
548 3469 590 3514 ex
602 3448 662 3519 καὶ
679 3447 720 3516 sit
733 3457 853 3515 ortum.
1277 3440 1281 3449 '

323 3545 369 3614 Et
385 3574 423 3620 aa
445 3548 581 3637 quidem
601 3573 700 3618 nemo
714 3573 782 3618 non
800 3538 892 3619 ridet
909 3571 1009 3638 quam
1026 3548 1067 3617 sit
1081 3549 1180 3616 etiam
1195 3547 1323 3639 signill-

223 3657 299 3718 catu
316 3672 393 3716 cum
407 3651 573 3740 particula
594 3651 653 3723 uui
671 3662 825 3744 cognata
875 3653 991 3720 Habet
1015 3653 1104 3719 enim
1126 3649 1184 3723 καὶ
1205 3660 1324 3719 natura

222 3753 371 3821 suarim
395 3753 575 3843 quamdam
603 3755 777 3840 dilatandi,
804 3765 858 3844 ut,
888 3754 1024 3844 dequo
1049 3753 1186 3839 dicitur,
1216 3753 1253 3820 id
1279 3754 1324 3821 dc

221 3854 371 3946 pluribus
394 3878 496 3923 unum
515 3856 654 3949 intelligi
675 3859 808 3926 indicet.
858 3857 964 3946 Atqui
986 3878 1028 3924 co
1055 3854 1155 3942 illud,
1187 3853 1231 3924 de
1255 3879 1324 3946 quo

222 3956 352 4039 dicitur,
376 3958 800 4046 quodammodoincertum
812 3962 861 4047 fit,
885 3969 923 4027 ut
938 3958 1033 4048 quod¹
1045 3981 1113 4025 non
1127 3961 1325 4027 necessitate

222 4058 385 4149 quadam,
411 4061 472 4128 sed
491 4063 597 4154 magis
610 4086 676 4154 pro
691 4065 857 4156 exemplo,
884 4062 995 4152 qualia
1009 4054 1110 4151 plura
1125 4062 1198 4148 sint,
1228 4084 1325 4128 com·

220 4172 434 4233 memoretur.
459 4163 625 4255 Apertum
634 4175 683 4233 est
699 4167 795 4252 enim,
809 4187 911 4257 quam
924 4186 1046 4255 parum
1062 4164 1196 4252 intersit,
1213 4173 1325 4231 utrum
1364 4161 1366 4166 ’

223 4261 262 4345 ὅς
283 4292 322 4338 κε
341 4270 441 4347 θεοῖς
456 4265 710 4366 ἐπιπείθηται,
737 4293 780 4338 an
800 4269 839 4352 ὃς
863 4265 922 4341 καὶ
946 4272 1047 4349 θεοῖς
1070 4264 1323 4363 ἐπιπείθηται·
