2918 4890
297 323 348 384 ou
362 319 696 383 mscmeummnvs
711 285 940 396 erovsoan
952 288 1128 392 aaaron.
1203 336 1268 400 ssa

164 535 249 588 mus.
302 512 461 594 Accedit,
488 512 581 602 quod
603 510 794 604 diligentior
813 511 958 604 elegiaci
977 515 1158 609 fragmenti
1181 545 1265 591 con-

163 617 339 708 templatio
364 638 406 684 eo
432 615 543 701 ducit,
579 624 616 682 ut
636 624 736 706 pater
759 615 871 706 potius
892 617 978 685 illins
1003 618 1165 710 bominis,
1191 625 1212 696 i.
1235 651 1264 696 e.

163 722 290 810 Xystus
317 719 408 811 ipse,
451 719 514 787 sibi
535 727 680 787 mortem
700 719 899 787 conscivisse
926 720 1089 792 videatur.
1148 726 1264 797 Potest

164 823 250 891 enim
281 821 364 889 illud
380 821 641 914 fragmentum,
688 819 781 910 quod
810 818 902 890 certo
936 845 1005 892 non
1034 826 1099 895 fait
1131 830 1287 920 princi--

161 927 255 1017 pium
281 924 548 1018 epigrammatis,
581 925 651 995 siue
674 945 800 1016 magna
822 923 964 994 audacia
987 926 1058 997 boe
1079 931 1182 999 modo
1209 934 1261 1001 in-

162 1039 305 1120 tegran:

265 1160 454 1258 [Ξίσσοα]
481 1155 617 1243 alarcos
635 1168 719 1242 nois
744 1155 899 1257 [τίμβ]α
918 1157 990 1238 ino
1016 1167 1132 1262 στενῷ
1156 1167 1227 1260 σίν,

180 1353 181 1357 ρ
212 1265 251 1349 ὃς
267 1263 380 1361 μόνος
398 1259 596 1361 αὐτομάτῳ
618 1258 795 1360 [θανατ]ῳ
822 1258 1059 1360 δνήσκ[οντος
1084 1270 1259 1371 ἐλείφθη]

160 1420 200 1488 ln
219 1419 364 1488 iambico
385 1419 630 1513 epigrammate
649 1415 848 1485 Welclrerus
873 1440 905 1486 v.
925 1416 959 1486 8.
996 1421 1094 1492 δασῐν
1121 1406 1259 1492 mutavit

159 1524 196 1590 in
217 1515 307 1607 δία,
346 1521 549 1590 constantiae
572 1542 689 1589 caussa
710 1520 758 1589 sic
780 1520 880 1587 etiam
906 1543 937 1589 v.
962 1519 999 1594 Ἰ.
1036 1523 1136 1592 scribi
1156 1549 1259 1617 posse

161 1648 308 1694 censens.
360 1625 408 1693 At
426 1624 560 1716 epicum
583 1616 654 1696 δύο
674 1645 743 1690 non
761 1632 833 1690 erat
856 1623 975 1691 iambis
999 1625 1257 1704 obtrudendnm.

161 1727 361 1798 credibilius
378 1735 439 1811 est,
459 1724 626 1819 lapicidae
642 1747 756 1794 errore
765 1718 830 1798 δύο
845 1733 880 1793 et
894 1727 992 1800 δαείν
1007 1727 1101 1797 locos
1119 1753 1259 1823 permu-

158 1840 266 1921 tasse,
292 1830 449 1920 quoniam
469 1830 504 1898 in
516 1829 614 1898 tertio
627 1850 725 1897 versu
741 1828 951 1915 accusativo,
975 1829 1009 1908 in
1028 1831 1171 1924 septimo
1187 1859 1257 1928 ge.

158 1935 260 2002 nitivo
278 1956 364 2024 opus
383 1941 442 2001 est
492 1932 603 2000 Recte
622 1953 705 1999 vero
720 1929 921 2000 Welckerus
934 1955 965 2003 v.
981 1928 1017 2001 4.
1044 1932 1194 2026 γυναῖκά
1215 1966 1257 2013 20

159 2046 193 2105 et
214 2059 246 2106 v.
271 2032 306 2106 5.
329 2033 353 2131 ἢ
373 2033 585 2130 φιλανδρίας
613 2028 766 2126 σίρχαῐσν
790 2026 961 2130 ἐζήλωσεν
988 2029 1081 2132 ἦδος
1104 2041 1255 2115 restituit.

157 2141 204 2208 At
302 2188 311 2206 .
338 2136 512 2210 BAIYG
533 2159 600 2205 non
624 2135 727 2203 fuisse
753 2156 832 2205 cum
862 2133 1012 2223 αἰσίμον
1046 2151 1256 2233 commutan-

158 2241 258 2324 dum,
291 2240 365 2330 ipse
388 2239 570 2307 litterarum
598 2237 777 2329 adspectus
801 2237 912 2309 (locet
969 2237 1158 2344 Septimum
1179 2269 1256 2314 ver·
1353 2325 1355 2329 y

48 2398 53 2409 .
157 2367 232 2413 sum
251 2343 300 2410 ita
320 2341 451 2433 explet:
485 2340 640 2435 Δαίμαν
673 2338 826 2431 ἄσσσχες
859 2347 987 2437 ἵμερον
1012 2341 1152 2417 παίδων
1177 2342 1254 2423 δίο.

156 2447 302 2516 Sensum
332 2455 406 2513 esso
433 2443 520 2513 vult:
551 2443 708 2532 „Mna
740 2465 786 2512 ne
805 2451 931 2536 expete
958 2442 1146 2536 geminam
1159 2471 1255 2543 pro-

157 2551 228 2620 lem
249 2550 408 2617 ναοσναιι
459 2547 701 2632 seduxerit,
727 2547 785 2637 qui
803 2544 890 2641 baec
912 2545 1033 2632 verim,
1059 2547 1199 2641 δαίμων
1221 2565 1256 2625 et

156 2659 281 2747 ἵμερος
286 2703 301 2740 ,
334 2659 415 2742 apte
446 2650 587 2732 delecta,
606 2672 679 2720 esse
715 2649 888 2738 existimet
953 2646 1056 2718 Peius
1086 2673 1167 2721 vero
1197 2679 1253 2724 ra-

156 2753 237 2823 tioni
261 2754 501 2846 grammaticae
524 2762 576 2823 est
604 2752 800 2824 consultum
858 2747 1134 2842 „Imperativas
1159 2753 1253 2830 ἄπε-

22 2864 26 2875 ’
156 2867 286 2947 σχες,“
310 2856 432 2946 iuquit,
457 2878 555 2950 „per
570 2855 648 2948 σχὲς
670 2862 708 2924 et
722 2845 901 2948 παράσχες
917 2850 1072 2941 (Buttm.
1086 2854 1142 2925 ΙΙ.
1161 2856 1252 2950 141)

155 2959 314 3030 manitas
344 2969 408 3028 est.
416 2965 437 3000 “
487 2959 707 3053 imperativus
730 2978 807 3024 cum
831 2953 1037 3048 augmento?
1065 2992 1120 3011 -
1158 2959 1198 3030 v.
1215 2961 1251 3031 8.

155 3083 276 3154 parum
292 3062 512 3154 probabiliter
533 3062 675 3131 coniecit
697 3053 872 3143 τσίδλίον,
898 3056 960 3125 sed
973 3065 1066 3127 recte
1078 3081 1111 3132 v.
1130 3059 1165 3131 9.
1184 3061 1251 3154 φί-

143 3169 224 3237 λοι.
259 3165 301 3232 V.
328 3165 388 3239 10.
422 3165 479 3234 ubi
506 3165 695 3257 optativum
717 3168 908 3252 exspectes,
937 3156 1096 3242 ἄξουσιν.
1147 3161 1251 3234 Facili

155 3289 263 3357 opera
290 3268 418 3336 restitui
444 3266 512 3335 boc
542 3268 751 3359 epigramma
775 3270 905 3353 potest,
939 3262 1063 3350 inquo
1088 3263 1169 3333 nibil
1190 3268 1251 3336 uisi

154 3393 186 3439 v.
208 3367 244 3438 8.
274 3367 342 3436 ΤΑ
367 3417 376 3436 .
402 3423 413 3442 .
436 3420 449 3439 .
471 3367 545 3440 00
573 3368 712 3436 dubium
744 3371 866 3432 manet.
928 3361 1000 3432 Sed
1028 3364 1162 3434 nidemr
1185 3391 1249 3438 no·

153 3470 336 3541 menurbis
349 3472 464 3539 latere.
503 3473 655 3564 Reperta
668 3476 719 3536 est
734 3465 905 3558 inscriptio
922 3464 1093 3558 cyparissi
1106 3469 1139 3537 in
1152 3468 1249 3541 Mes-
1361 3492 1365 3501 s

89 3659 92 3662 ἦ
153 3574 262 3643 senia:
295 3595 337 3641 ex
365 3594 434 3663 quo
458 3582 571 3641 tamen
595 3593 663 3641 non
688 3569 853 3659 sequitur,
887 3576 925 3638 ut
948 3567 1011 3636 iste
1039 3570 1138 3661 Xysti
1161 3573 1248 3642 filius
1336 3600 1339 3605 ·

154 3699 232 3745 cnm
264 3675 389 3743 familia
422 3697 483 3743 suu
517 3696 585 3743 non
618 3673 766 3767 potuerit
800 3669 864 3739 alia
898 3670 934 3739 in
966 3671 1052 3738 urbe
1076 3671 1247 3745 babitaret
1396 3672 1412 3723 -‘

152 3779 244 3847 unde
270 3777 341 3846 veri
373 3778 593 3864 simillimum,
632 3777 666 3844 in
697 3773 791 3864 quod
822 3771 895 3862 quis
916 3770 1067 3858 incidat,
1107 3775 1246 3849 Talm-

150 3880 350 4052 pppldilelerit
401 3880 540 3951 Sumam
562 3877 649 3950 boc:
673 3884 747 3947 tum
770 3874 980 3968 epigramma
1004 3874 1052 3956 sic
1078 3877 1139 3945 erit
1163 3880 1246 3949 scri-

312 4093 646 4192 Ξίστσνμσσαίδα
720 4130 774 4150 -
824 4127 876 4148 ··
925 4131 978 4147 -

312 4298 380 4378 σίν
393 4301 595 4378 καλλίνικον
611 4298 741 4394 χοῖσαν,
769 4296 920 4396 σ’ίρσσνας
936 4290 1001 4371 δίο

861 4475 865 4479 ,
968 4415 1038 4485 X*
