2918 4890
449 268 926 343 ossssuunrro.
1177 223 1256 353 ιιι,

143 471 222 540 dem
240 470 348 538 verine
359 469 561 555 Herculem,
588 466 641 535 cui
656 466 898 536 Prometheum
912 467 1064 555 labores,
1090 468 1239 556 quicum

143 577 379 666 exspectarent,
404 574 439 641 in
452 573 559 662 iisqne
572 594 727 662 pugnam
745 593 822 638 cum
832 571 1016 662 Liguribus
1030 571 1238 663 praedicere,

142 685 320 771 postquam
335 678 390 745 vel
401 677 466 769 ipsi
478 675 535 743 vel
549 674 655 742 choro
669 674 713 742 de
728 674 854 743 meritis
869 675 934 742 suis
943 675 982 742 in
998 698 1107 767 genus
1114 674 1238 741 huma-

142 803 224 849 num
239 780 455 870 exposuisset3
476 778 555 846 inde
567 778 700 846 liberari
713 776 955 847 Prometheum
970 778 1145 864 evinculis,
1160 800 1239 845 con-

143 886 212 952 fixa
235 882 384 952 Herculis
412 883 540 974 sagittis
567 883 697 971 aquila3
738 882 830 950 cuius
853 882 887 948 in
911 882 993 950 facti
1016 882 1239 973 explicatione

144 987 343 1056 mentionem
360 987 486 1054 factam
514 1007 588 1057 esse
614 1007 776 1071 coronae,
811 984 906 1074 quod
925 1008 1033 1077 genus
1053 984 1240 1053 ornamenti

131 1092 179 1158 'in
190 1089 348 1159 honorem
361 1088 555 1158 Promethei
571 1087 723 1156 homines
739 1089 954 1179 recepissent.
988 1089 1152 1180 Longius,
1178 1087 1240 1155 nisi

144 1205 272 1262 temere
292 1191 442 1261 hariolari
462 1194 612 1284 placeat,
637 1192 802 1259 nonlicet
824 1192 1001 1284 progredi.
1054 1195 1128 1261 Nec
1150 1214 1240 1281 quae

144 1303 281 1390 praeter
297 1296 370 1384 hat,
397 1319 480 1386 quas
497 1295 686 1381 diximus,
677 1317 711 1361 ιιι
726 1294 792 1362 hac
809 1295 924 1362 fabula
938 1318 1103 1387 personae
1116 1297 1240 1363 fuerint
1292 1316 1294 1325 ’

145 1400 304 1468 traditum
320 1408 371 1469 cs,
413 1399 453 1467 In
469 1399 633 1488 quibus
609 1421 635 1465 sr
651 1398 749 1465 matri
762 1398 892 1466 Terrae
909 1399 1025 1488 aliquis
1044 1398 1237 1466 conceden-

145 1503 209 1571 dus
227 1510 279 1570 est
296 1504 399 1590 loos,
427 1502 519 1592 qnod
537 1523 613 1570 eam
633 1470 742 1569 V'mbti
763 1503 917 1591 personis
932 1503 1008 1569 libri
1028 1502 1193 1621 quidam
1184 1526 1238 1571 ιιι-

64 1661 71 1677 .
146 1614 277 1690 serunt,
296 1605 475 1674 cavendum
488 1606 616 1693 saltem,
641 1604 943 1693 neqniseamdem,
971 1605 1128 1692 quoniam
1142 1610 1232 1678 πολ·
1240 1604 1289 1672 14

49 1702 51 1706 ’
146 1707 217 1781 icis
248 1701 431 1798 όνορολτων
451 1701 579 1803 μορφή
599 1705 667 1798 μία
688 1708 722 1773 in
746 1709 923 1797 superstite
952 1707 1067 1782 fabula
1089 1716 1239 1795 vocatur,

146 1811 197 1878 bis
214 1821 416 1901 praesentem
439 1811 560 1895 fuisse,
587 1809 752 1898 simulque
770 1811 855 1877 etin
877 1834 979 1879 scena
994 1819 1028 1879 et
1043 1812 1128 1878 inter
1140 1811 1239 1878 Tita-

146 1937 206 1982 nes
219 1913 254 1981 in
269 1911 433 1982 orchestra
446 1913 573 1981 stetisse
590 1913 651 1979 sibi
667 1912 880 2003 persuadeat.
924 1913 1108 1982 Chironem
1125 1921 1240 1981 tamen
1364 1973 1369 1981 .

145 2025 259 2108 partes
274 2038 340 2087 suas
356 2019 391 2084 in
408 2017 474 2084 hac
489 2015 664 2106 tragoedia
678 2015 835 2084 habuisse
851 2016 950 2085 valde
966 2026 1017 2085 cst
1029 2018 1100 2085 veri
1118 2017 1239 2086 simile·
1295 2093 1297 2098 ¹

148 2120 193 2188 de
214 2142 283 2210 quo
315 2118 511 2211 Apollodori
534 2118 639 2185 verba
659 2118 746 2185 intra
767 2119 957 2188 dabimus·
982 2121 1036 2188 De
1065 2119 1239 2188 Mercurio
1303 2123 1305 2130 '

147 2246 251 2315 qnam
272 2244 387 2313 anceps
418 2222 609 2289 coniectura
636 2243 677 2288 en
698 2221 756 2288 illo
779 2223 875 2318 μηδέ
892 2249 959 2314 μοι
985 2222 1112 2302 διπλοῖς
1134 2216 1240 2303 o‘dodc
1265 2220 1266 2224 ’

147 2317 342 2422 προςβολλῃι
355 2333 510 2415 petatur,
536 2320 639 2415 snpra
660 2323 799 2396 dictum.
852 2327 931 2393 Non
950 2327 1059 2417 magis
1079 2335 1136 2393 aut
1151 2348 1239 2416 opus

147 2429 279 2497 videtur
291 2429 639 2520 autoperaepretium,
655 2427 698 2494 de
709 2425 815 2494 choro
821 2429 981 2496 Trtanum
997 2429 1120 2511 dicere,
1137 2451 1240 2518 quem

148 2532 212 2601 fuit
228 2531 287 2620 qui
301 2551 340 2601 ex
354 2531 535 2599 duodecim
548 2531 735 2615 Titanibus,
762 2533 909 2600 maribus
927 2541 960 2600 et
973 2532 1116 2622 feminis,
1144 2555 1241 2599 com-

147 2637 295 2727 positum
313 2633 415 2702 fuisse
439 2632 668 2705 contenderet.
723 2633 833 2702 Satius
858 2637 938 2722 erit,
972 2637 1113 2726 opinor,
1146 2628 1240 2724 quod

147 2761 228 2808 usus
247 2731 450 2830 postulabat,
485 2737 697 2824 quindecim3
734 2737 827 2824 quod
854 2739 938 2806 ratio
968 2738 1240 2822 commendabat,

148 2864 266 2911 omnes
275 2864 391 2923 mures,
383 2842 396 2883 ·“
410 2839 504 2929 quod
513 2840 590 2906 artis
598 2840 753 2930 poeticae
762 2841 816 2907 lex
829 2841 1001 2935 suadebat,
1016 2843 1113 2909 nullis
1123 2841 1238 2909 distin·

49 2970 51 2974 ·
149 2954 221 3014 ctos
239 2945 416 3022 nomnibus
429 2944 575 3034 propriis
590 2943 625 3009 in
637 2941 868 3011 orchestram
859 2967 1028 3036 ingressos
1044 2945 1240 3014 existimare.

145 3081 148 3084 ⁴
251 3047 380 3116 Titanes
403 3047 506 3138 igitur
526 3047 714 3138 anapaestis
739 3047 889 3116 fabulam
907 3056 982 3115 sunt
1002 3049 1119 3116 exorsi.
1172 3050 1241 3135 Ar-
1297 3044 1300 3050 ’

149 3149 258 3215 rianus
270 3150 305 3217 in
316 3151 455 3241 Periplo
469 3151 569 3218 Ponti
581 3150 703 3218 Euxini
717 3173 751 3240 p
769 3149 828 3223 19.
855 3148 917 3222 ιιαλ
929 3178 1002 3223 τοι
1006 3130 1220 3240 Αἰσχύλοο
1202 3177 1241 3224 ον

152 3254 344 3371 Προμηθεῖ
364 3255 527 3346 λυομένῳ
554 3245 621 3324 cdo
641 3249 809 3324 muoso*
787 3279 875 3347 ορον
896 3251 959 3341 τῆς
982 3247 1159 3373 Εὐρώπης
1181 3251 1242 3323 cul

150 3351 214 3447 τῆς
227 3346 343 3434 ’.Γοιας
357 3359 465 3426 ποιεῖ
484 3356 626 3450 λέγουσι
636 3353 725 3445 γοῦν
740 3350 841 3450 crisci
854 3382 890 3429 οι
882 3355 1061 3438 ’Τιτᾶνος
1074 3381 1164 3452 προς
1175 3347 1244 3427 τόν

152 3453 387 3552 Προμηθέα
364 3483 425 3529 οτι

245 3590 407 3686 Ἡνιομον
432 3566 485 3647 -ss

251 3724 329 3779 ιοος
350 3690 435 3779 cotie
448 3687 741 3787 ddiooccoo'cda,
766 3697 989 3823 Προμηθεῦ,

253 3800 383 3894 leonori
398 3829 440 3874 τι
454 3794 576 3887 πολθος
589 3794 670 3873 τόδ
688 3795 924 3898 ἐποψόμενοι.

153 3936 268 4010 ἔπειτα
286 3937 588 4031 καταλέγουσιν
567 3964 652 4038 οσην
668 3933 789 4038 χώραν
806 3938 985 4036 ἐπῆλθον,

246 4076 292 4172 τῇ
306 4076 375 4168 μὲν
392 4076 543 4170 δίδυμον
561 4070 695 4166 χθονός
709 4070 886 4172 Εὐρώπης

244 4179 360 4272 μέγαν
375 4176 570 4276 η’δῗἈοίοις
586 4181 746 4276 τέρμονα
763 4179 891 4252 Φᾶσιν.

154 4313 211 4384 Ed
240 4317 322 4389 Bas.
346 4318 396 4414 πῇ
417 4317 486 4411 μὲν
511 4298 546 4386 et
567 4317 617 4415 πῇ
640 4319 687 4391 δι’.
740 4319 793 4386 Αο
816 4317 921 4411 vulgo
941 4315 988 4411 τῇ
1013 4309 1059 4388 δ’.
1111 4310 1245 4380 Eadem
