2918 4890
193 303 258 367 878
465 298 517 361 DE
537 296 722 361 MENSVRA
740 298 963 375 vulustvE
981 296 1032 365 ίίν.

196 498 247 561 cst
272 489 458 559 accuratius
486 487 700 556 considerare
727 489 883 580 exempla
908 489 982 578 illa,
1014 490 1205 581 inquibus
1231 517 1324 586 pro.

195 594 335 663 ductum
361 616 434 662 esse
465 590 512 664 ἀν
544 590 721 660 videbatur
746 592 934 662 Dindorlio.
993 593 1036 662 Id
1067 595 1220 684 faciam,
1256 599 1323 667 sed

193 707 324 767 mutato
349 697 468 765 ordine
495 717 554 780 eo,
580 718 649 785 quo
676 703 753 763 sunt
774 696 984 767 aDindorlio
1006 709 1229 788 enumerata,
1256 703 1322 770 ad-

192 803 357 891 iectisque
375 799 507 868 duobus
522 799 610 886 aliis,
637 822 780 889 quorum
795 800 829 866 in
844 822 912 868 uuo
927 824 1032 890 quum
1045 802 1109 894 ipsi
1122 803 1320 874 Dindorfio

192 904 239 978 ἄν
252 905 456 998 productum
465 903 638 990 debeatur,
650 910 708 969 aut
715 902 837 972 oblitus
851 904 921 972 eius
937 927 1021 992 esse,
1033 913 1090 979 aut
1103 929 1201 974 uunc
1216 909 1321 978 aliter

192 1007 237 1076 de
253 1032 294 1076 eo
311 1017 455 1076 statuere
468 1005 609 1074 videtur.
644 1006 778 1074 Etenim
794 1007 977 1099 penuirum
995 1018 1057 1094 est,
1070 1010 1170 1100 quod
1183 1011 1232 1079 de
1250 1013 1321 1082 illis

193 1111 374 1180 duodecim
400 1111 562 1200 exemplis
588 1118 718 1202 septem
745 1105 810 1182 οοίι
836 1109 883 1183 ἀν
908 1109 1052 1196 habeut,
1074 1135 1233 1202 quorum
1253 1117 1322 1183 tri-

191 1215 275 1302 bus,
309 1239 398 1304 quae
432 1214 591 1282 facillime
625 1214 750 1304 corrigi
775 1215 899 1282 inserto
924 1215 1124 1306 pronomine
1149 1229 1321 1308 possunt,

189 1318 384 1387 Diudorlius
412 1319 486 1410 ipse
517 1339 588 1386 non
620 1318 763 1385 multum
794 1318 973 1390 tribuebat.
1035 1319 1092 1390 Ab
1118 1318 1178 1388 his
1207 1323 1323 1414 igitur

190 1421 317 1490 initium
343 1420 516 1492 faciamus,

291 1572 319 1640 1.
353 1572 439 1663 (lx.
451 1570 579 1661 Dind.)
630 1571 670 1638 Iu
690 1569 825 1637 Helena
843 1570 1013 1662 Euripidis
1032 1570 1249 1642 Menelaum
1264 1576 1323 1644 in-

188 1685 241 1745 ter
261 1685 295 1744 et
313 1675 480 1745 Helenam
500 1674 589 1742 haec
606 1673 837 1763 disceptantur
852 1696 885 1743 v.
908 1673 1020 1745 1⁰49.

238 1829 294 1903 M.
630 1827 735 1923 φέρε,
763 1822 802 1897 τί
818 1821 865 1911 δ’,
892 1829 928 1899 εἰ
939 1825 1114 1924 κρυφθείς
1129 1823 1279 1924 δόμοις

342 1942 516 2041 κτοίνοιμ’
530 1945 671 2020 ἄνακτα
697 1945 790 2040 τῷδε
810 1940 972 2042 διστόμῳ
994 1945 1089 2043 ξίφει
1095 1975 1111 2038 ,·

237 2073 284 2147 E.
337 2065 401 2142 criu
424 2065 469 2142 ἀν
486 2063 521 2140 σ’
537 2060 745 2156 ἀνάσχοιτ’,
775 2061 859 2140 οὐδὲ
873 2060 1050 2160 σιγήσειεν
1069 2064 1118 2140 ἀν

340 2183 512 2282 μέλλοντ’
533 2179 673 2283 ἀδελφή
694 2178 870 2280 σύγγονον
885 2192 1132 2260 κατακτενεῖν.

186 2344 245 2414 Sic
267 2365 310 2412 ex
329 2341 424 2410 Porti
447 2340 681 2410 emendatione
710 2340 846 2408 editum.
908 2339 1004 2408 Libri
1027 2334 1091 2412 οὐκ
1120 2337 1174 2411 ἄν
1214 2338 1321 2416 ἀναί.

186 2443 318 2537 σχοιτ’.
371 2445 418 2512 Et
441 2444 514 2534 quis
536 2466 606 2512 non
627 2444 797 2513 verissime
820 2442 1017 2513 emendasse
1042 2443 1198 2512 Portum
1229 2470 1321 2515 cou-

185 2549 309 2618 cedat?

284 2683 328 2752 ll.
365 2681 456 2777 (X.)
489 2681 531 2749 In
550 2681 701 2750 Hercule
715 2681 846 2751 furente
869 2704 976 2771 quum
994 2680 1080 2748 mori
1104 2674 1319 2754 constituis·
1441 2671 1442 2676 ί

184 2797 235 2859 set
247 2787 431 2872 Hercules,
457 2786 503 2853 ita
521 2786 722 2874 colloquitur
744 2809 821 2853 cum
838 2785 976 2853 Theseo
992 2806 1026 2857 v.
1045 2779 1163 2866 1253.

253 2998 256 3005 .
320 2935 411 3014 ,οἵδ’
426 2935 530 3012 οὐδὲν
557 2935 738 3034 ὠφελοῦσί
756 2934 801 3030 μ’
816 2934 897 3012 ἀλλ’
912 2935 1020 3033 Ἦρα
1038 2943 1184 3032 κρατεῖ.

237 3064 280 3134 Θ.
333 3055 399 3133 οὐκ
421 3057 467 3132 ἀν
487 3054 523 3131 c'
539 3052 738 3148 ἀνάσχοιθ’
752 3053 882 3140 Ἑλλάς
904 3055 1052 3154 ἀμαθίᾳ
1069 3064 1228 3135 θανεῖν.

182 3213 240 3282 Sic
262 3212 460 3298 Rammius,
488 3213 786 3300 consentientibus,
812 3221 849 3280 ut
868 3211 1036 3280 Matthiae
1056 3212 1180 3281 nescio
1200 3238 1248 3282 an
1267 3241 1315 3286 ex

1431 2900 1440 2959 l

183 3316 407 3406 comparantis
435 3316 563 3383 silentio
586 3317 708 3402 refert,
750 3316 849 3387 codd.
876 3314 1086 3384 Florentinis.
1147 3315 1197 3384 ln
1224 3321 1312 3389 edd.
1436 3354 1439 3359 ·

181 3428 260 3487 vett.
286 3420 382 3488 abest
402 3415 449 3492 o’.
502 3419 549 3487 Et
569 3418 625 3486 hic
646 3420 782 3509 quidem
809 3420 908 3487 etiam
934 3417 1164 3487 necessarium
1195 3423 1312 3492 vide-

179 3531 235 3590 tur
258 3545 464 3614 pronomen,
489 3531 527 3591 ut
547 3522 590 3590 de
609 3524 748 3593 veritate
769 3522 1010 3592 emendationis
1032 3543 1101 3589 non
1125 3521 1173 3590 sit
1197 3524 1311 3596 dubi-

178 3626 330 3700 tandum,

282 3762 341 3832 Ill.
369 3761 477 3854 (xl.)
502 3762 542 3831 lu
556 3762 676 3831 eadem
691 3761 808 3830 fabula
823 3784 855 3834 v.
872 3756 960 3835 185.

334 3913 484 4012 Δίρφυν
501 3911 539 3988 τ’
553 3915 696 4012 ε’ραταῖν
711 3944 733 4014 η
754 3911 789 3988 o'
805 3912 938 4014 ἔθρεψ’
953 3910 1185 4009 Ἀβαντίδα,

335 4031 400 4109 οὐκ
419 4032 464 4108 ἀν
482 4030 757 4110 οέἰιαινεόειεν.

181 4191 238 4261 Sic
261 4213 338 4258 cum
358 4189 522 4258 Baruesio
548 4189 653 4258 edidit
676 4189 860 4276 Matthiae,
893 4190 1017 4258 oblitus
1040 4187 1158 4277 dicere
1192 4191 1308 4264 Reis-

180 4295 273 4364 kium
294 4316 432 4385 quoqne
462 4294 509 4362 sic
535 4294 635 4363 scribi
660 4295 809 4382 iussisse,
841 4295 875 4362 iu
898 4293 977 4363 edd.
1004 4291 1150 4389 antiquis
1179 4308 1309 4370 autem
1443 4332 1447 4351 =

1432 4382 1438 4447 l
