2918 4890
571 282 877 345 COLVTHI.

267 464 429 561 Sequitur
446 472 555 540 statim
570 494 602 541 v.
619 470 680 542 62.

216 621 310 720 χειρὶ
324 622 364 697 δέ
379 617 555 720 κινήσασα
568 602 696 718 μόθου
709 617 973 722 πρωτόσπορον
988 623 1104 727 σίρχην

131 771 156 849 l<
215 731 250 807 ές
269 724 400 825 θαλίην
415 728 553 826 ἔρριψε.

163 879 249 963 Quis
266 879 402 966 credat,
429 879 558 948 etiamsi
574 878 623 947 sic
637 876 732 968 loqui
751 878 843 947 licuit
864 885 1008 970 poetae,
1035 891 1149 953 tamen
1166 886 1271 954 nemi-

163 1005 240 1050 nem
255 983 416 1051 exstitisse
433 984 491 1073 qui
508 975 685 1078 δινήσασα
703 983 909 1073 reponeret?

266 1085 546 1167 Commemoratis
559 1085 663 1153 tribus
680 1084 821 1175 deabus,
848 1107 936 1175 quae
951 1110 1094 1179 pomum
1110 1090 1194 1158 illud
1209 1089 1271 1183 sibi

163 1186 236 1256 dari
250 1212 398 1278 aequum
415 1189 621 1258 censuerint:
646 1210 725 1255 nam
744 1197 823 1279 post
838 1211 870 1260 v.
886 1184 947 1258 65.
961 1192 1170 1262 intercidisse
1182 1217 1271 1282 quae

162 1289 206 1358 de
229 1291 385 1360 Minerva
415 1294 596 1385 scripserat
618 1300 741 1382 poeta,
767 1291 961 1384 Lennepius
986 1295 1090 1365 vidit:
1117 1297 1271 1390 luppiter

161 1394 320 1464 mandata
334 1395 468 1464 dedisse
483 1395 605 1464 dicitur
617 1393 791 1462 Mercurio
809 1417 841 1466 v.
855 1392 917 1464 68.

215 1541 307 1629 Ζετίς
325 1548 363 1622 δέ
381 1547 482 1621 θεοῖν
495 1546 555 1620 τισί
575 1552 689 1627 νεῖκος
703 1539 790 1619 ι’δσίν
804 1546 863 1619 ιιαί
878 1550 991 1621 παῖδα
1006 1551 1178 1633 καλέσσας

162 1698 164 1703 -
212 1657 316 1725 τοῖον
335 1645 607 1748 έρεδρήσσοντα
622 1650 859 1747 προσέννεπεν
871 1645 1081 1748 Ἑρμάωνα.

159 1803 256 1871 Haec
271 1812 305 1871 et
319 1805 437 1872 scabra
451 1811 502 1872 est
516 1812 550 1871 et
564 1802 682 1871 vitiosa
696 1803 816 1870 oratio.
853 1801 976 1889 Quam,
1002 1804 1064 1872 nisi
1080 1804 1267 1898 omittendo

159 1916 338 2000 peccatum
355 1917 424 1995 est,
450 1907 544 1998 quod
562 1929 633 1975 non
648 1914 699 1974 est
710 1905 906 1987 verisimile,
929 1906 976 1974 sic
989 1908 1139 2000 corrige:

161 2098 165 2109 »
212 2053 302 2139 Ζετίς
318 2059 356 2132 δέ
376 2053 500 2132 θεσίων
519 2063 633 2139 νεῖκος
647 2051 751 2144 ἰδσίν,
779 2055 822 2130 ὃν
839 2060 953 2130 παῖδα
969 2060 1150 2148 καλέσσας,

211 2168 315 2236 τοῖον
335 2156 614 2258 τίποδρήσσοντα
626 2161 864 2256 προςέννεπεν
878 2155 1086 2256 Ἑρμάωνα.
1167 2198 1171 2203 ·

158 2309 456 2409 ’Υποδρήσσοντα
475 2312 613 2401 quidem
629 2313 696 2380 iam
710 2311 921 2403 Leunepius,
947 2314 1010 2382 scd
1029 2337 1097 2383 non
1118 2315 1187 2383 sine
1208 2339 1265 2384 er-

158 2442 253 2504 rore,
280 2417 440 2507 quoniam
459 2415 557 2488 θεοῖν
578 2411 760 2510 ὑπηρέτην
781 2417 960 2509 significari
977 2419 1090 2488 voluit.
1143 2420 1191 2489 At
1203 2443 1266 2487 ne-

159 2545 226 2611 que
246 2519 315 2587 hoc
330 2519 547 2610 participium
569 2518 668 2611 fungi
690 2527 806 2610 potest
827 2520 1021 2588 substantivi
1043 2521 1175 2609 officio,
1202 2545 1265 2590 nec

156 2623 342 2717 praesentis
359 2622 577 2714 participium
590 2620 636 2688 ad
649 2645 690 2688 ca
698 2621 827 2710 referri,
855 2646 942 2713 quae
958 2623 1106 2693 facturus
1119 2626 1160 2692 sit
1173 2625 1264 2693 iussu

36 2786 40 2792 .
158 2728 247 2796 lovis
264 2727 477 2811 Mercurius,
504 2724 565 2792 sed
589 2724 734 2816 pertinet
754 2725 799 2792 ad
812 2749 1052 2818 praegressum
1076 2729 1265 2808 ιιαλέσσωςτ

157 2829 303 2900 vocanti
318 2829 425 2923 patri
445 2827 546 2898 dicto
571 2827 789 2896 audientem.
840 2829 881 2896 ln
901 2829 988 2896 lovis
1005 2831 1155 2898 oratione
1170 2831 1264 2919 quod

159 2943 209 3002 est
223 2958 253 3005 v.
272 2933 332 3001 tl.
348 2935 479 3022 vitium,
507 2953 609 3023 supra
626 2931 826 3000 sustulimus.
860 2931 1015 3000 Dubitari
1027 2932 1169 3000 fortasse
1182 2941 1264 3025 pot-

158 3039 222 3105 erit
237 3039 338 3104 etiam
352 3061 384 3105 v.
402 3032 462 3105 75.
478 3035 522 3104 de
543 3033 649 3102 verbo
665 3036 942 3129 διακρινθεῖσα,
969 3034 1063 3124 quod
1080 3036 1114 3104 in
1130 3035 1263 3106 duobus

159 3139 261 3212 codd.
286 3140 517 3236 διακριθεῖσαι
539 3137 711 3228 scriptum.
766 3136 868 3206 Certe
894 3159 963 3205 uon
984 3139 1073 3207 male
1093 3139 1263 3232 legeretur

159 3245 481 3336 διαπροιιριθεϊσα,
507 3249 546 3307 ut
566 3239 661 3331 apud
683 3239 884 3331 Euripidem
900 3241 934 3308 in
952 3240 1083 3315 Phoen.
1103 3241 1188 3311 222.
1212 3251 1262 3312 est

158 3337 286 3424 πόλεος
302 3337 571 3438 έιιπροιιριθεῑσ’
590 3346 706 3443 έμαςρ

259 3479 301 3550 V.
315 3477 376 3552 82.
403 3501 491 3569 quae
508 3479 552 3547 de
565 3477 699 3546 Venere
712 3475 884 3566 dicuntur,

208 3630 267 3705 καί
282 3625 440 3730 περόνην
456 3623 619 3704 θυόεντα
633 3621 859 3726 διαστήσασα
873 3625 1039 3725 νομαίων,
1208 3716 1210 3721 ,

209 3735 331 3833 χρνσηί
345 3735 414 3830 μέν
429 3726 636 3827 πλοκάμους
640 3768 669 3822 ,’
684 3730 804 3829 χρυσῷ
818 3729 853 3806 δ’
871 3734 1053 3829 ἐστέψατο
1069 3730 1216 3831 χαίτην,

156 3905 272 3973 mutila
285 3928 358 3974 esse
375 3912 465 3998 pene
483 3903 649 3998 persuasit
665 3901 858 3974 Wernikins
874 3904 1125 3994 comparatione
1147 3902 1258 3971 Nonni
1333 3935 1338 3946 ·

155 4009 299 4081 xxxll.
317 4004 385 4080 15.·
403 4008 481 4100 (34.
495 4008 550 4078 ed.
565 4007 702 4100 Graef.)

183 4233 184 4238 ,
207 4159 266 4232 καί
283 4153 417 4259 περόνῃ
432 4156 596 4257 συνέεργε
610 4163 695 4236 νέον
709 4139 834 4257 κληῗδα
848 4157 1008 4249 χιτῶνος,

209 4262 268 4335 καὶ
280 4259 435 4362 πλειτην
449 4257 603 4338 θαέεντι
615 4256 731 4360 κόμην
746 4259 889 4358 ἐδίηνεν
899 4259 1014 4355 ἐλαίην.
1065 4311 1070 4318 -
