2918 4890
510 310 911 395 raausuruo.
1236 321 1265 383 v

263 503 461 607 Θρινακίην
476 502 512 582 δ’
526 510 561 589 se
576 504 687 605 νῆσον
703 499 867 601 οἷφίξεαι·
892 502 986 578 ἔνθα
1004 500 1043 578 δί
1055 508 1186 583 πολλαί

260 637 435 738 βόσκοντ’
447 641 614 719 Ἠελίοιο
627 637 712 737 ῥύεο
727 641 788 714 ιιαί
806 642 890 738 ἴφια
906 639 1027 739 μῆλα,

260 775 355 855 lucc?
373 781 472 878 βοοῖν
489 778 633 876 ύηίλαι,
658 772 752 853 τόσα
768 773 805 855 δ’
818 778 905 853 οἰοίν
918 771 1018 852 ποίεα
1032 772 1146 870 ιιαλοί,

260 911 487 1015 πεντήκοντα
503 914 538 992 δ’
552 923 703 992 ἕκαστα·
729 908 836 1011 γόνος
849 912 885 990 δ’
898 911 942 991 ού
956 914 1118 1011 γίγνεται
1131 914 1264 1011 αύτοίν,

261 1051 350 1131 oiri
360 1082 451 1129 ποτε
469 1048 716 1151 φθινύθουσι·
750 1051 838 1128 θεαί
853 1047 890 1126 δ’
904 1053 965 1127 ἔπι
979 1055 1148 1148 ποιμένες
1162 1056 1263 1145 εἰσίν,

260 1186 405 1289 νύμφαι
421 1184 666 1285 ἐϋπλόκαμοι,
694 1182 896 1264 Φαίθοοσοί
912 1217 954 1263 τε
966 1191 1166 1296 Λαμπετίη
1183 1223 1240 1289 τε,

229 1297 232 1303 ⁸
261 1327 303 1411 οἳς
315 1329 417 1403 τίιιεν
429 1323 565 1423 Ἠελίφ
577 1323 762 1423 Ὑπερίονι
777 1326 837 1399 δία
850 1324 1011 1423 Νέαιρα.

260 1458 325 1546 τοῖς
337 1464 407 1558 μὲν
424 1460 497 1560 οίρα
513 1462 689 1559 θρέψασα
706 1453 865 1572 τετούσοί
883 1488 925 1534 τε
939 1454 1075 1535 πύτνια
1092 1454 1213 1564 μῆτηρ

264 1597 461 1698 Θρινακίην
482 1603 516 1680 ἐς
533 1598 643 1695 νῆσον
666 1590 825 1694 οίπηύιιισε
844 1592 980 1694 τηλόθι
1001 1595 1136 1691 ναίειν,

259 1736 358 1831 μῆλα
375 1736 646 1833 φυλασσέμεναι
664 1726 832 1833 πατρύϊα
848 1733 908 1808 ιιαί
928 1737 1045 1816 ἕλικας
1061 1735 1160 1829 βούς.

157 1925 242 1995 Εἱοε
275 1924 412 1994 fabulae
451 1923 660 2017 inventorem
694 1919 818 1991 ecch
853 1921 925 1992 dies
961 1930 1148 2016 noctesque
1187 1930 1266 2002 anni

157 2063 281 2132 lunaris
305 2061 372 2130 hac
397 2061 544 2154 imagine
570 2059 788 2128 adumbrasse
813 2059 1059 2152 apertissimum
1083 2070 1142 2132 est
1176 2064 1265 2136 Eam

157 2201 260 2293 igitur
284 2200 436 2269 fabulam
461 2198 506 2268 ad
531 2221 609 2267 suos
634 2219 713 2266 usus
742 2196 1011 2268 accommodavit
1030 2198 1265 2294 Archimedes,

158 2337 335 2408 ludificans
367 2337 623 2407 mathematicos
656 2333 901 2406 Alexandrinos
939 2359 1003 2428 spe
1042 2338 1172 2406 numeri
1210 2340 1266 2409 in-

158 2476 333 2560 veniendi,
365 2499 468 2566 quem
492 2476 591 2545 facile
610 2480 765 2568 pasceret
790 2470 922 2560 Sicilia,
960 2473 1131 2569 barentum
1152 2485 1267 2550 autem

157 2636 229 2682 non
254 2621 392 2707 caperet
410 2612 501 2682 orbis
518 2620 691 2681 terrarum.
744 2610 864 2700 ltaque
887 2609 915 2678 is
935 2632 1093 2680 numerus
1114 2614 1169 2683 vel
1190 2638 1265 2685 me-

157 2751 266 2819 thodo
284 2751 342 2819 illa
356 2750 506 2818 Pelliana
520 2747 733 2839 quaerendus
755 2747 829 2832 erit,
853 2746 910 2815 vel
930 2746 1172 2843 indagandum,
1197 2776 1266 2849 qua

157 2890 213 2957 via
229 2887 451 2959 Archimedes
467 2887 630 2956 rationem
652 2883 830 2981 putaverit

260 3061 301 3130 ln
318 3059 568 3130 incredibilium
588 3058 674 3127 libro
695 3080 732 3150 p.
757 3051 843 3126 355.
870 3056 905 3127 iu
925 3079 1012 3126 nona
1032 3058 1265 3133 observatione

159 3196 253 3288 quod
279 3197 372 3291 apud
389 3162 589 3291 Dioupsium
610 3196 644 3264 in
664 3195 749 3265 Arte
765 3178 936 3264 rhetcrica
954 3220 990 3289 p.
1008 3193 1101 3285 235,
1118 3197 1180 3273 11.
1207 3224 1265 3268 ar-

159 3335 297 3403 ticulum
318 3334 364 3402 ad
385 3327 499 3415 λύπας
522 3333 717 3425 appositum
744 3355 817 3401 esse
837 3333 976 3426 scripsi,
1016 3336 1208 3425 etsi·quivis
1227 3337 1265 3407 id

158 3496 222 3567 per
242 3494 393 3542 errorem
409 3472 537 3541 dictum
556 3492 629 3540 esse
648 3468 827 3561 intelliget,
853 3478 965 3540 tamen
985 3495 1006 3539 a
1025 3495 1081 3542 me
1093 3473 1170 3565 ipso
1185 3497 1265 3544 cor-

159 3611 224 3702 rigi
243 3632 308 3702 par
327 3616 395 3698 est,
422 3632 467 3678 nc
486 3607 555 3678 hoc
576 3629 713 3699 quoque
733 3607 768 3674 iu
790 3608 912 3678 iniuriis
931 3618 1134 3680 numeretur.
1186 3613 1264 3683 Ad-

160 3745 321 3816 didissem
352 3755 466 3816 autem
499 3744 579 3815 huic
613 3746 727 3838 primo
754 3744 841 3814 libro
872 3746 1033 3836 alterum,
1070 3749 1099 3817 si
1129 3741 1264 3822 fecisset

159 3882 382 3978 Schaeferus,
415 3883 510 3976 quod
530 3903 751 3976 rogaveram,
778 3891 815 3950 ut
835 3883 1044 3975 patefaceret
1071 3908 1154 3978 quas
1175 3888 1263 3957 iuiu-

112 4100 115 4105 ,
158 4019 223 4087 rias
243 4021 306 4089 sibi
325 4017 676 4121 illatasccnqucritur.
728 4019 776 4089 Et
795 4020 967 4090 ferebatur
985 4023 1125 4114 quidem
1136 4024 1263 4115 aliquid

157 4154 283 4226 Halam
301 4160 446 4249 misisse,
473 4159 567 4251 quod
585 4181 651 4251 per
671 4180 845 4228 censorem
867 4159 1013 4250 aliquem
1029 4161 1130 4254 primi
1144 4162 1262 4231 Incre-

158 4292 310 4365 dibilium
330 4296 406 4367 libri
429 4296 548 4368 diurna
569 4297 728 4367 litteraria
748 4296 783 4368 iu
801 4298 975 4391 publicam
996 4298 1108 4370 lucem
1124 4299 1262 4394 profer-
