2918 4890
553 269 857 331 convrur.
1196 276 1298 338 ιω,
1408 241 1413 254 “

152 459 234 551 quid
250 459 411 530 debuerit.
463 457 518 528 Eo
538 458 717 550 optabilius
734 459 873 544 accidit,
900 460 927 528 si
944 460 1030 529 viam
1047 461 1192 552 aliquam
1208 463 1257 530 in·
1376 505 1380 515 ·

153 565 243 631 dicat
265 574 392 630 certum
413 585 520 656 genus
542 563 717 645 vitiorum,
752 585 820 652 quo
846 564 918 632 talis
945 565 1089 656 scriptor
1113 564 1256 635 affectus

152 669 201 736 sit.
254 668 367 756 Atque
381 667 415 733 in
435 664 582 734 Colutbo
605 674 741 757 praeter
756 665 879 733 menda
891 667 1039 734 omnium
1052 669 1255 760 scriptorum

151 768 340 837 communia
370 778 437 837 tres
462 769 605 836 maxime
626 769 886 860 perturbationis
912 771 1004 838 modi
1032 772 1256 863 reperiuntur,
1369 854 1379 872 ἱ

150 872 194 940 ab
205 872 284 964 ipsis
302 872 473 940 monstrati
488 871 678 958 codicibus,
704 873 861 959 lacunae,
887 875 1159 964 transpositiones
1175 896 1254 943 ver-

147 999 262 1057 suum,
295 985 329 1043 et
351 998 467 1042 manus
490 975 697 1042 correctoris.
750 976 803 1043 De
824 976 949 1044 lacunis
972 976 1019 1044 sic
1043 977 1255 1063 statuendum

147 1079 288 1146 videtur.
314 1078 429 1164 Quum
448 1078 613 1167 antiquior
629 1077 767 1147 caeteris
784 1079 893 1147 codex
909 1077 1108 1148 Mutinensis
1123 1089 1255 1172 septem

136 1204 261 1249 ‘versus
275 1181 484 1273 praebuerit,
510 1181 568 1270 qui
588 1203 658 1248 uon
678 1191 755 1249 sunt
774 1182 809 1249 in
828 1182 964 1271 reliquis
985 1183 1096 1266 libris,
1123 1185 1254 1252 omittat

147 1294 260 1352 autem
282 1286 410 1374 aliquot
428 1307 561 1363 versus,
595 1285 652 1372 qui
677 1293 807 1352 exstant
829 1285 863 1351 in
888 1285 967 1367 illis,
1001 1306 1032 1355 v.
1059 1283 1144 1358 129.
1165 1283 1251 1360 135.
1335 1290 1336 1295 ’

147 1386 373 1456 lau-142.
395 1386 481 1460 284.
496 1386 581 1481 30l.
604 1385 689 1456 349.
717 1410 858 1477 quarum
883 1389 1097 1456 omissionum
1119 1388 1252 1479 pleras-

147 1515 214 1580 que
229 1500 324 1584 patet
338 1493 381 1558 ab
395 1491 599 1583 negligentia
618 1491 741 1557 librarii
755 1490 956 1588 repetendas
976 1514 1069 1576 esse,
1091 1492 1195 1560 oculis
1206 1492 1252 1560 ad
1338 1529 1342 1540 .

146 1597 243 1688 paria
263 1617 420 1663 versuum
441 1595 532 1662 initia
552 1594 750 1680 aberrantis,
783 1604 877 1662 recte
898 1594 1024 1686 poterit
1045 1595 1175 1687 colligi,
1209 1618 1252 1664 ex

144 1722 213 1767 uno
227 1707 422 1792 pervetusto
436 1696 575 1784 codice,
601 1719 702 1787 quem
717 1698 796 1766 situs
807 1698 996 1784 vitiaverat,
1023 1706 1058 1766 et
1076 1695 1252 1768 Mutinen-

144 1826 233 1886 sem,
264 1811 298 1871 et
317 1802 484 1891 aliquanto
500 1808 593 1893 post,
620 1801 728 1893 magis
751 1802 851 1868 etiam
870 1801 1017 1869 lacerato
1040 1801 1159 1870 codice
1181 1803 1250 1890 illo,

145 1929 233 1993 eum,
252 1904 484 1996 quoBessario
500 1913 551 1972 est
565 1926 654 1990 usus,
671 1905 821 1994 aliosque
836 1903 1021 1996 descriptos
1032 1927 1116 1978 esse.
1144 1903 1276 1981 Ordo's

145 2032 305 2079 versuum·
329 2031 406 2076 raro
431 2008 539 2075 variat
560 2008 594 2073 in
617 2007 806 2094 codicibus,
841 2030 872 2074 v.
894 2002 955 2078 49.
979 2005 1065 2080 349.
1094 2006 1154 2076 sed
1176 2031 1249 2076 esse

144 2113 322 2198 nonnulla,
349 2111 488 2200 quaein
511 2109 664 2177 omnibus
681 2110 851 2177 codicibus
867 2133 934 2177 non
955 2133 1015 2179 suo
1037 2111 1114 2178 loco
1128 2111 1249 2202 legan-

134 2211 215 2300 tur,
249 2215 344 2283 nimis
368 2213 581 2297 manifestum
601 2221 660 2280 est
712 2212 754 2280 ld
781 2211 891 2281 eidem
911 2213 958 2281 illi
980 2213 1096 2281 deberi
1117 2214 1250 2281 videtur

115 2304 120 2310 ’
143 2326 275 2387 vetusto
297 2316 426 2404 codici,
451 2316 569 2405 inquo
594 2338 682 2405 quae
698 2316 845 2383 lacerata
859 2317 914 2384 vel
931 2317 1072 2384 evanida
1088 2317 1157 2409 legi
1180 2339 1249 2384 non

142 2442 244 2514 posse
258 2420 467 2506 viderentur,
494 2420 537 2486 ab
552 2418 617 2486 alia
638 2441 738 2486 manu
759 2419 793 2486 in
814 2420 951 2488 summis
964 2419 1105 2502 velimis
1119 2420 1248 2512 margi.-
1280 2433 1283 2437 ’
1325 2501 1328 2505 .

141 2525 239 2593 nibus
254 2523 424 2614 adscripta
438 2523 570 2590 fuerint.
622 2521 780 2614 Nisi'quis
798 2523 887 2591 forte
908 2524 1011 2591 libros
1035 2545 1152 2592 omues
1172 2546 1247 2590 ma-

142 2652 238 2696 nasse
253 2626 474 2719 suspicabitur
489 2648 531 2694 ex
543 2626 685 2717 repertis
700 2625 959 2718 ipsius·Coluthi
969 2625 1101 2714 chartis,
1121 2627 1156 2693 in
1170 2627 1247 2716 qui-

140 2732 204 2800 bus
219 2732 274 2799 ille
292 2753 379 2820 quae
394 2737 636 2797 commentatus
656 2739 727 2796 erat
742 2729 892 2820 expolire
908 2729 1075 2820 coeperit,
1101 2728 1247 2797 necdum
1376 2804 1378 2808 ,

141 2835 186 2903 ad
198 2835 301 2902 finem
323 2833 527 2925 perduxerit
580 2831 682 2900 Certe
697 2831 740 2900 de
759 2831 887 2923 duplici
903 2832 1097 2900 recensione
1116 2833 1247 2924 cogita-

141 2939 190 3006 vit
218 2937 385 3010 Graefius.
437 2934 526 3003 Mihi
546 2933 701 3024 quidem,
735 2933 829 3024 quod
854 2936 987 3004 tertium
1012 2957 1129 3002 eorum
1157 2943 1246 3025 quae

140 3043 176 3109 in
188 3040 326 3110 Coluthi
348 3039 494 3108 carmine
511 3039 670 3106 notabilia
690 3047 801 3108 esseut
819 3039 1141 3125 commemorabam,
1168 3061 1246 3106 cor-

52 3136 62 3152 ’
139 3144 321 3229 rectiones,
347 3143 470 3233 partim
491 3151 634 3232 propter
657 3151 833 3232 corrupta,
859 3142 930 3229 vel,
961 3151 1000 3210 ut
1016 3163 1047 3210 v.
1068 3139 1129 3214 23.
1156 3143 1245 3210 male

140 3246 308 3313 intellecta
325 3246 368 3312 ab
389 3246 530 3313 librariis
544 3245 671 3331 factae,
696 3247 820 3336 partim
840 3267 908 3312 non
929 3268 1002 3314 esse
1017 3246 1151 3313 omnino
1167 3267 1244 3313 cor-

139 3350 305 3417 rectiones
321 3347 491 3432 videntur,
517 3355 570 3434 ut,
598 3346 642 3416 de
659 3369 728 3436 quo
744 3347 832 3416 infra
850 3347 980 3436 dicam,
1006 3371 1039 3422 v.
1058 3346 1143 3419 288.
1224 3362 1227 3369 '
1308 3357 1313 3366 '
1356 3358 1359 3366 “

239 3485 361 3576 lncipit
377 3507 513 3552 carmen
529 3482 580 3552 his
594 3483 723 3552 verbis.

189 3649 368 3750 Νύμααι
360 3647 584 3780 Τρωλύδις,
608 3654 780 3750 ποταμοῦ
803 3647 972 3784 Ξοῖνθοιο
998 3589 1174 3752 γενέθλη,

189 3767 228 3830 αὶ
226 3751 448 3852 πλοκάμων
473 3751 655 3882 κρήδεμνα
681 3757 741 3833 ται
767 3753 849 3854 ἱεροὶ
874 3757 1023 3852 παίγνια
1050 3758 1179 3854 χειρῶν

189 3854 342 3934 πολλύκι
368 3855 578 3980 πατρῴῃσιν
604 3859 661 3937 ἐπὶ
687 3855 903 3956 ψαμάθοισι
929 3859 1102 3947 λιποῦσαι

190 3967 224 4042 ἐς
250 3957 362 4060 κόρον
380 3957 556 4089 Ιδαίῃσιν
582 3957 820 4040 ἐπεντύνασθε
845 3953 1021 4058 χορείαις,

128 4153 132 4166 1
190 4066 312 4148 δεῦτε,
340 4061 628 4158 θεμιστοπόλοιο
656 4061 830 4191 νοήματα
851 4063 1102 4165 μηλοβοτῆρος

188 4169 318 4242 εἴπατέ
339 4196 426 4262 μοι,
452 4162 713 4252 κελάδοντος
689 4162 938 4295 απορνύμεναι
963 4174 1164 4293 ποταμοῖο,

187 4275 223 4353 ἐξ
250 4267 363 4366 ὀρέων
389 4263 507 4345 πόθεν
533 4267 646 4365 ἦλθεν
671 4267 792 4363 α’ήθεα
818 4265 958 4346 πόντον
984 4265 1155 4361 ἐλαύνων,

181 4389 304 4463 Hsnu.
333 4390 399 4463 01».
425 4390 483 4461 lv.
996 4388 1030 4460 0
