2918 4890
555 268 642 333 LIB.
667 269 690 332 1.
737 271 830 333 CAP.
854 274 904 337 18.
1243 280 1285 346 11

152 463 154 468 ’
174 486 250 560 μην
265 486 320 557 σε,
345 459 414 529 hoc
429 481 538 546 sensu,
565 458 598 528 ω’
612 481 669 528 mc
687 458 819 529 iniuria
836 457 1023 555 afficeres,
1046 463 1212 556 punirem
1229 478 1285 538 νει

176 550 255 651 sed,
282 564 409 632 etiamsi
423 563 507 631 velis
525 561 570 630 ad
586 585 745 654 praesens
759 572 892 655 tempus
908 564 1045 650 referri,
1071 575 1184 636 tamen
1200 594 1284 662 pro-

174 668 252 760 prie
268 666 313 748 de
327 666 509 758 praeterito
525 666 651 733 dictum
670 667 748 749 erit,
774 666 842 732 hoc
856 666 976 735 modo:
989 666 1065 761 sac
1080 678 1116 738 te
1128 673 1216 740 αιῖλιῖ
1228 675 1284 743 in-

175 770 312 839 iuriam
339 769 522 838 intulisse:
557 778 633 837 tum
655 766 852 861 puniebam
879 779 922 840 λε.
977 771 1089 855 Quam
1108 773 1284 846 Elmsleius

175 874 221 941 ad
252 872 381 946 Bacch.
410 869 496 939 1112.
523 870 637 943 1311.
662 873 749 938 viam
773 872 864 956 iniit,
891 865 1090 945 ἐλάνθανεν
1114 879 1285 947 θῐέἰιῐιίΙίπ

173 998 241 1068 pro
259 970 380 1071 λήσειν
396 977 522 1066 ἔμελλε
541 974 632 1059 dici,
660 998 769 1064 eoque
785 976 970 1066 particulae
989 979 1201 1048 omissionem
1221 981 1284 1051 de·

174 1078 270 1147 feudi
264 1088 393 1164 ratuS‚
417 1078 559 1169 probari
581 1100 647 1145 non
670 1101 774 1169 posse
797 1078 910 1146 monui
932 1078 975 1146 ad
998 1079 1106 1171 Soph.
1122 1083 1177 1157 El.
1196 1083 1292 1156 902..

123 1245 125 1250 .
174 1182 304 1252 Nam
279 1205 307 1249 ει
328 1183 374 1249 ita
390 1189 495 1264 esset,
520 1203 586 1248 non
602 1190 718 1271 posset
737 1204 801 1272 pro
818 1181 941 1249 eodem
962 1182 1062 1250 ctiam
1084 1179 1285 1260 ἐλάνθανεν

174 1283 221 1357 cir
238 1285 315 1367 dici.
367 1283 473 1372 Atqui
489 1292 523 1350 et
545 1305 610 1374 pro
628 1277 871 1356 ἐλάνθανεν
847 1312 892 1354 αν
906 1283 961 1351 εἰει
980 1307 1121 1374 usquam
1134 1311 1203 1356 non
1216 1313 1283 1382 po-

172 1387 253 1455 teris
275 1387 400 1478 ἔμελλε
421 1379 542 1479 λήσειν
558 1385 681 1472 dicere,
708 1394 742 1453 et
755 1408 820 1476 pro
835 1386 960 1476 ἔμελλε
973 1380 1109 1482 λήσειν,
1134 1392 1192 1459 ubi
1206 1395 1283 1482 qui-

105 1539 112 1547 ·
172 1490 254 1558 dem
266 1489 303 1557 id
316 1489 361 1557 ad
376 1510 444 1556 uon
459 1488 635 1579 impletam
648 1489 875 1556 conditionem
888 1489 1049 1574 refertur,
1074 1492 1200 1583 ubique
1216 1496 1283 1563 dici

170 1601 287 1685 potest
311 1585 563 1664 ἑλάνθανεν”
538 1619 593 1662 αν
652 1590 710 1659 Sic
732 1590 936 1659 Schaeferus
958 1590 1041 1661 Mel.
1064 1617 1111 1668 cr.
1130 1619 1167 1688 p.
1194 1597 1281 1671 131.

171 1705 267 1764 recte
283 1695 458 1780 observat,
484 1694 518 1761 in
533 1693 584 1761 his
601 1693 768 1762 Herodoti
788 1694 830 1762 11.
845 1676 907 1766 43.
925 1721 983 1765 ναι
1002 1691 1077 1789 μήν
1091 1699 1129 1769 εἴ
1136 1726 1177 1815 γε
1190 1725 1265 1795 παρ
1314 1696 1317 1701 ’

170 1789 354 1913 Ελλήνων
369 1793 564 1887 ἔλαβον
518 1790 661 1885 ουνομά
675 1821 739 1866 τευ
757 1795 942 1916 δαίμονος,
967 1819 1109 1868 τουτων
1120 1825 1185 1870 ουιι
1204 1798 1282 1893 ήνι-
1366 1846 1368 1850 -

172 1890 243 1970 cin
252 1951 267 1986 ,
295 1891 387 1968 α’λλά
403 1890 566 1988 μάλιστα
582 1897 732 1986 ἔμελλον
754 1889 899 1992 μνήμην
912 1900 1024 1984 ἕξειν,
1047 1897 1113 1965 dici
1133 1901 1282 1991 potuisse

171 2001 279 2088 ἔσχον
294 1997 340 2070 cin
353 1991 508 2094 μνήμην.
560 1997 678 2086 ltaque
693 1998 752 2065 illo
767 1997 917 2065 Elmsleii
936 2010 1135 2088 argumento
1148 2024 1216 2070 ιιοιι
1229 2004 1282 2071 ef-

158 2103 282 2170 'ficitur
301 2101 398 2190 quod
413 2101 621 2188 quaerimus,
652 2099 735 2189 quid
755 2100 882 2166 intersit
896 2107 1008 2166 utrum
1026 2097 1225 2176 ἐλάνθανεν
1238 2129 1281 2173 an

171 2198 413 2277 ἐλάνθανεν
388 2231 434 2274 αν
456 2203 618 2271 dicatur.
649 2204 721 2270 Nos
741 2225 843 2322 quam
868 2202 1009 2269 omissae
1022 2204 1206 2293 particulae
1223 2230 1281 2274 ra-

169 2308 296 2375 tionem
321 2329 393 2374 esse
415 2305 576 2390 diximuS,
610 2305 679 2372 cius
697 2305 826 2396 insigne
850 2305 1042 2396 exemplum
1066 2315 1172 2375 exstat
1189 2310 1281 2400 apud

169 2395 385 2479 Andocidem
408 2409 453 2476 de
473 2411 574 2500 inyst
600 2431 638 2499 p
659 2406 719 2480 28.
746 2407 850 2496 (118
879 2402 915 2501 §.
943 2404 1023 2499 51.)
1006 2407 1088 2499 )τι’
1109 2407 1156 2480 άν
1178 2408 1280 2502 υμοῖν

170 2517 320 2592 ἕκαστος
332 2505 519 2602 ε’ποιήσεν,
537 2540 568 2584 ει
563 2504 712 2602 ’μέν
665 2537 734 2606 γαρ
751 2506 795 2607 ἦν
811 2514 908 2583 δυεῖν
920 2505 968 2584 τά
980 2516 1105 2605 ἕτερον
1116 2514 1278 2602 ἑλέσθαι,

168 2645 191 2704 η
178 2614 329 2704 καλοῖς
353 2611 635 2692 άπολέσθαι,
613 2643 634 2702 η
659 2613 812 2706 αἰσχροῖς
835 2613 1075 2707 σωθῆναι,
1054 2641 1131 2702 uxot
1158 2613 1203 2686 άν
1224 2643 1282 2697 τις

170 2720 285 2790 εἰπεῖν
311 2715 439 2788 unxiae
466 2713 558 2788 εἶναι
574 2709 623 2788 τά
637 2710 831 2807 λεγόμενα·
858 2713 979 2786 καίτοι
997 2714 1123 2787 πολλοὶ
1146 2716 1200 2789 άν
1220 2719 1279 2789 καὶ

168 2818 286 2892 τοιῖτο
301 2824 504 2906 εἵλοντο,
531 2819 578 2892 τό
595 2818 656 2912 ζήν
678 2816 759 2911 περὶ
774 2815 937 2896 πλείονος
956 2811 1196 2944 ποιησάμενοι
1210 2821 1279 2892 τοῦ

167 2921 283 3001 ιιαλοῖς
312 2917 539 3044 άπρθανεῖν·
592 2918 686 3038 ὅπου
711 2919 749 2992 δέ
773 2913 915 2991 τούτων
941 2912 987 2991 τά
1011 2914 1278 2994 ἑναντνάτατον

167 3051 233 3200 ην,
261 3017 487 3146 σιωπήσαντι
506 3024 590 3115 μέν,
618 3019 719 3142 αὐτην
740 3049 782 3094 τε
800 3023 969 3110 αἴσχιστα
986 3017 1191 3095 άπολέσθαι
1197 3051 1276 3145 μη-

168 3126 231 3200 δὲν
249 3119 538 3246 άσεβήσαντιε
480 3179 493 3214 ,
522 3127 578 3198 ἔτι
596 3125 635 3197 δέ
657 3119 724 3198 τόν
742 3126 883 3219 πατέρα
898 3127 1072 3217 περιιδεῖν
1089 3120 1276 3217 άπολόμε-

168 3253 235 3301 νον
256 3226 316 3299 uni
339 3220 406 3301 τάν
430 3221 602 3350 ιιηθεστην
627 3226 686 3297 καὶ
706 3221 791 3306 τους
810 3232 990 3318 συγγενεῖς
1014 3226 1075 3297 ιιαὶ
1103 3223 1277 3353 οῖηεψιους

167 3323 387 3452 τοσούτους,
424 3358 484 3410 ους
512 3326 629 3410 oddae
655 3323 939 3400 άπάλλυιν
906 3355 937 3448 q
967 3355 1033 3420 εγω
1041 3383 1056 3416 ,
1088 3323 1141 3424 μή
1167 3324 1275 3401 εἰπεῖν

167 3429 342 3550 ciciraque
354 3427 542 3555 η’μαρτον·
556 3428 853 3560 Δισκλεῖθηςμέν
868 3422 936 3524 γάρ
951 3424 1177 3522 ψευσάμενος
1190 3434 1275 3525 έθη-

167 3558 230 3606 σιν
248 3528 400 3622 nicode,
427 3532 587 3630 σωτηρία
603 3535 642 3606 δέ
659 3530 780 3606 αυτοῖν
798 3530 886 3627 άλλη
904 3527 1096 3624 ουδεμέα
1073 3559 1133 3628 ην,
1159 3531 1182 3652 ή
1201 3561 1274 3605 πυ-

165 3637 310 3710 θέσθαι
329 3632 555 3732 Αθηναῖους
581 3633 704 3708 πάντα
728 3629 777 3708 τά
798 3635 1030 3757 πραχθέντα
1059 3661 1187 3726 φονευς
1209 3663 1274 3708 ουν

167 3733 291 3810 adonin
312 3733 535 3836 ἐγινόμην
561 3731 649 3831 iyoi,
674 3731 728 3832 μή
751 3731 859 3809 εἰπεῖν
880 3733 967 3827 υμῖν
993 3735 1018 3807 ii
1036 3734 1191 3863 ήιιουσα·
1218 3739 1273 3811 ἔτι

166 3840 208 3912 δέ
224 3840 454 3936 τριακοσίους
467 3837 677 3938 Αθηναῖων
703 3833 962 3917 άπάλλυον,
990 3866 1048 3913 ναι
1068 3865 1089 3934 η
1115 3833 1253 3920 πάλις’
1235 3869 1274 3913 εν

157 3947 288 4023 Ιιἰαιιοῖς
303 3948 380 4025 τοῖς
391 3941 576 4036 μεγίστοις
597 3941 792 4034 ἐγένετο·
819 3939 938 4011 ταῦτα
952 3940 1021 4039 μέν
1038 3968 1104 4013 ουν
1121 3937 1166 4036 ήν
1181 3943 1274 4034 ἐμοῦ

165 4039 221 4140 μή
238 4038 419 4125 εἰπόντος·
447 4039 556 4118 εἰπεῖν
571 4044 609 4117 δέ
624 4038 673 4116 τά
689 4041 800 4131 ὄντα,
829 4034 938 4121 αυτάς
957 4069 999 4114 τε
1025 4039 1163 4129 εσωζο
1169 4071 1270 4140 μην,

165 4145 228 4218 ναὶ
241 4174 308 4220 τον
328 4149 471 4244 πατέρα
494 4147 659 4232 ἔσωζον
673 4144 733 4218 ναὶ
754 4170 839 4224 τους
854 4142 980 4224 άλλους
996 4151 1185 4238 συγγενεῖς,
1211 4147 1270 4217 καὶ

166 4242 235 4336 τήν
261 4241 415 4325 πόλιν’
398 4277 435 4324 εν
458 4243 579 4345 φόβου
605 4249 664 4320 ναὶ
688 4246 804 4320 κακοῖν
833 4246 906 4319 τοῖν
926 4248 1104 4362 μεγίστων
1133 4242 1268 4342 άπήλ·
