3210 5040
283 355 343 466 ”r
619 353 677 418 DE
712 351 982 422 renulcvnt
1005 349 1051 419 άν

285 575 364 622 caus
391 573 489 622 usum
517 547 655 621 Pindari
674 549 766 646 ε’ρέει
794 551 984 643 requirere,
1007 551 1053 625 άν
1076 551 1257 622 delendum
1280 561 1387 646 putat

283 658 331 726 At
344 656 413 725 hoc
429 657 485 726 vix
498 654 689 723 addiderint
706 655 848 740 librarii,
875 680 960 746 quor
982 657 1172 725 credibilius
1195 665 1245 724 est
1264 657 1319 736 τίς
1335 659 1389 724 in-

284 761 435 829 seruisse.
486 760 585 828 Patet
602 781 702 843 vero,
728 758 775 832 ἄν
792 781 861 827 non
874 759 919 828 ad
933 761 1090 848 verbnm,
1116 759 1178 828 sed
1192 759 1237 827 ad
1249 760 1389 851 partiei-

284 865 381 955 pium
394 863 611 932 referendum
627 884 711 929 esse.
762 861 835 931 Sed
852 862 947 952 quod
965 863 1059 956 apud
1078 863 1236 931 eumdem
1250 872 1390 953 poetam

283 967 400 1036 lsthnr.
415 966 458 1036 V.
480 963 541 1034 54.
566 964 761 1034 Boeckhins
785 967 885 1034 scribi
903 967 993 1049 vult,
1019 960 1203 1061 εἰρήσεταί
1219 959 1272 1059 uqi
1292 970 1329 1037 κ’
1350 971 1389 1040 ἐν

283 1068 509 1164 βραχίστοις,
536 1078 574 1137 ut
588 1063 624 1140 κ’
641 1071 680 1140 ἐν
697 1067 737 1136 sit
748 1091 812 1158 pro
829 1097 867 1140 κε
884 1073 936 1156 ε’ν,
962 1069 999 1137 id
1014 1071 1069 1136 vel
1081 1079 1225 1160 propter
1239 1069 1389 1136 colloca-

283 1175 409 1241 tionem
432 1173 568 1240 istarum
591 1171 830 1261 particularum
852 1171 976 1240 Graeci
995 1172 1155 1240 sermonis
1177 1171 1262 1238 ratio
1264 1194 1389 1290 ⁸repn-

285 1276 365 1343 diat.
391 1275 613 1366 'Ihncydides
631 1274 674 1342 ll.
696 1273 758 1340 8⁰.
777 1271 899 1346 τοῦδ’
917 1281 1033 1348 ον’του
1021 1277 1201 1364 “θε’ρους,
1229 1269 1273 1346 οὐ
1295 1279 1389 1346 πολ-

283 1375 371 1474 λρῖ
348 1404 501 1474 νοτερον
515 1371 675 1454 τούτων,
698 1372 981 1472 Ἀμπρακιωται
1001 1405 1061 1448 και
1054 1370 1232 1466 Χάονες,
1258 1371 1389 1468 βουλό·

283 1507 392 1575 μενοι
412 1477 659 1574 Ἀκαρνανίαν
684 1479 806 1550 πάσαν
833 1482 1164 1575 καταστρέψασθαι
1185 1479 1245 1552 καί
1265 1475 1389 1601 Αθη-

283 1583 396 1657 ναίων
410 1580 631 1675 αἰισοτῆσαι,
657 1579 829 1654 πείθουσι
839 1580 1152 1675 Λακεδαιμονίους
1162 1576 1332 1656 ναυτικόν
1346 1611 1389 1656 τε

283 1679 676 1804 παρασκευάσασθαι’
658 1711 696 1757 εκ
714 1710 777 1780 της
809 1683 1050 1777 ξυμμαχίδος,
1076 1684 1136 1754 καί
1161 1681 1310 1764 ὁπλίτας
1327 1713 1388 1774 χι-

282 1788 381 1868 λίους
398 1789 544 1880 πέμψαι
569 1791 603 1867 ἐς
623 1782 894 1875 Ἀκαρνανίαν,
927 1783 1131 1909 λίχρντερ’
1109 1814 1189 1876 οτι,
1216 1786 1260 1882 ήν
1283 1786 1390 1861 ναυσί

283 1919 344 1963 και
336 1889 451 1984 πεζῷ
471 1887 550 1981 άμα
567 1882 666 2010 μετρῖ
679 1889 779 2012 epeia:
795 1890 943 1978 ἔλθωσι,
970 1883 1198 1962 α’δυνάτων”
1175 1918 1290 1964 οντων
1305 1899 1389 1982 ξυμ-

283 1999 436 2090 βοηθεῖν
468 1992 542 2065 τοῖν
574 1985 650 2115 αἠὀ
677 1984 860 2120 θαλάσσης
887 1986 1142 2086 Ἀκαρνάνων,
1184 1991 1366 2090 ῥᾳδίως
1342 2021 1389 2066 αν

284 2092 531 2224 Ἀκαρνανίαν
553 2087 700 2185 σχόντες
719 2093 782 2168 ’κιαι
801 2095 865 2191 τῆς
889 2093 1086 2169 Ζακύνθου
1109 2122 1167 2167 και
1162 2096 1389 2214 Κεφαλλη-

283 2198 362 2280 νιάς
381 2193 623 2294 κρατήσουσι,
648 2196 744 2270 καὶυ
736 2195 960 2322 περίπλους
983 2227 1105 2272 ουκετι
1126 2199 1248 2271 ἔσοιτο
1264 2193 1388 2322 Ἀθη-

284 2301 399 2381 ναίοις
425 2299 552 2394 ὁμοῖος
573 2299 655 2394 περί
684 2296 976 2422 Πελοπόννησον.
1027 2302 1186 2370 Nonnulli
1212 2301 1366 2369 codd.
1341 2327 1388 2373 αν

282 2405 454 2486 omittunt3
480 2405 534 2472 alii
550 2404 678 2471 hahent
698 2397 912 2498 κρατήσωσι.
964 2405 1057 2473 Nihil
1071 2427 1153 2474 vero
1174 2405 1243 2472 vitii
1258 2405 1293 2472 in
1310 2405 1388 2472 vnl-

281 2520 371 2600 gata.
423 2507 600 2598 Nempe
575 2529 603 2574 ει
621 2506 801 2596 separatim
823 2507 954 2598 singula
968 2508 1135 2599 posuisset
1154 2507 1388 2598 Thucydides,

281 2612 328 2678 ita
349 2610 550 2701 scripsisset.
577 2607 638 2681 ὅτι
664 2605 839 2703 ῥᾳδίως
814 2637 860 2680 αν
882 2606 1126 2704 Ακαρνανίαν
1154 2617 1294 2701 σχοῖεν,
1327 2611 1388 2682 καὶ

282 2713 346 2808 τῆς
361 2709 557 2785 Ζακύνθου
570 2710 629 2784 καί
643 2709 898 2806 Κεφαλληνίας
914 2707 1167 2808 κρατήσουσιν.
1205 2714 1259 2782 Εο
1274 2713 1389 2782 differt

282 2815 379 2890 huius
394 2816 461 2883 loci
474 2815 634 2884 sententia
648 2815 691 2882 ab
707 2814 803 2883 simili
812 2814 873 2884 'Vl
896 2814 956 2884 33.
972 2810 1181 2907 ήχοάμενοι,
1209 2819 1244 2888 εἰ
1250 2812 1387 2916 ταύτην

283 2925 415 3009 σχοῖεν,
442 2917 571 3015 ρᾳδίως
590 2947 649 2990 και
642 2916 784 2989 τάλλα
807 2923 908 3000 ἕξειν.
960 2918 1125 2988 leocrates
1145 2918 1190 2986 ad
1209 2919 1386 2991 Demonie.

282 3017 319 3117 ᾗ.
336 3019 396 3089 25.
412 3044 448 3114 p.
462 3020 498 3088 8.
512 3022 623 3142 Lapg.
639 3021 762 3113 vulgo:
789 3017 979 3094 ου’τωδ”“
954 3050 1000 3142 ριν
1019 3020 1153 3150 ἄριστα
1171 3015 1303 3120 χρήσει
1312 3029 1388 3102 τοῖς

283 3123 453 3246 φίλοις,’
439 3115 503 3197 εοίν
522 3117 577 3242 μή
591 3115 963 3220 περιμένηςτάςτιαρ’
977 3124 1119 3198 ἐκείνων
1133 3119 1278 3222 δεήσεις,
1305 3120 1387 3198 άλλ

282 3221 500 3318 αὐτάγγελος
529 3221 653 3305 αυτοῖς
680 3228 718 3297 ἐν
749 3230 824 3305 τοῖς
846 3233 985 3319 καιροῖς
1010 3227 1160 3324 βοηθῇς.
1211 3227 1307 3310 lure,
1347 3235 1386 3294 ut

279 3329 362 3400 milri
382 3329 532 3416 videtur,
557 3328 647 3396 hanc
670 3327 870 3448 scripturam
891 3330 1017 3420 prohat
1037 3331 1220 3400 Werferus.
1274 3327 1385 3400 Codd.

187 3441 191 3448 ’
280 3433 418 3523 quidam
440 3429 674 3524 omittuntur,
700 3431 805 3517 alii,
796 3455 831 3498 ιιι
848 3431 954 3521 iisque
971 3433 1131 3523 Vrbinas‚
1155 3435 1254 3502 etiam
1275 3456 1385 3526 copu-

278 3537 370 3628 lam,
398 3533 512 3615 οὕτως
534 3533 668 3630 άριστα
693 3534 897 3608 exhibentes.
950 3535 1042 3622 Quid
1067 3538 1108 3605 sit
1128 3537 1211 3604 illud
1234 3533 1329 3609 οὕτω
1349 3532 1386 3610 θ’

280 3637 347 3728 άν,
373 3639 555 3730 intelligas,
581 3638 640 3705 ubi
661 3638 764 3729 plene
788 3638 930 3724 dixeris,
957 3635 1151 3712 odrod'*
1125 3667 1172 3712 αν
1189 3632 1384 3735 χροίμενοε,

280 3739 415 3837 άριστιι
438 3739 576 3866 χρήσει.
624 3739 808 3808 Aeschines
828 3741 872 3808 de
893 3741 978 3809 falsa
1000 3743 1068 3832 leg.
1095 3737 1131 3838 ἓ.
1158 3739 1385 3832 11.ρ.196.

278 3844 397 3914 Reisk.
416 3842 510 3916 οὕτω
524 3869 598 3966 γαρ
619 3843 665 3916 οῖν
677 3837 838 3936 μάλιστα
851 3837 1086 3939 μεμνήσομαι
1100 3873 1159 3915 και
1152 3837 1385 3936 δυνήσομαι

279 3947 406 4036 εἰπεῖν,
433 3975 492 4018 και
511 3945 612 4040 ὑμεῖς
626 3940 855 4042 μαθήσεσθε.
895 3947 1000 4030 Quod
1014 3946 1095 4034 quid
1108 3947 1200 4014 aliud
1212 3957 1262 4014 est
1283 3969 1386 4036 qnam

228 4075 234 4094 ¹
278 4045 374 4121 οὕτω
392 4042 461 4146 γάρ
476 4049 521 4122 άν
540 4045 686 4121 ποιωνί
699 4047 839 4117 sedhic
853 4072 991 4139 quoque
1007 4049 1106 4117 codd.
1121 4049 1268 4117 nonnulli
1284 4051 1385 4117 omit-

277 4160 352 4220 tunt
368 4149 423 4223 άν.
478 4152 605 4222 Contra
628 4152 722 4243 apud
737 4151 876 4218 Lucian.
898 4152 984 4220 Dial.
1006 4161 1104 4221 mort.
1125 4153 1217 4222 Xlll.
1237 4150 1271 4220 6.
1294 4152 1384 4245 Τ,Ι.
1408 4200 1411 4206 ,

151 4284 154 4290 ·
276 4279 312 4349 p.
329 4253 414 4324 394.
431 4262 465 4322 et
488 4255 532 4323 de
549 4256 692 4327 column.
709 4276 777 4322 non
792 4263 919 4323 temere
937 4255 1029 4324 cred.
1045 4253 1080 4327 6.
1096 4257 1139 4324 Τ.
1156 4256 1216 4323 lll.
1237 4252 1273 4347 p]
1297 4253 1383 4325 133.

135 4373 141 4380 ·
274 4359 310 4428 in
324 4359 391 4431 hae
403 4359 572 4430 locutione
584 4380 650 4452 pro
666 4358 780 4428 futuro
796 4358 979 4450 optativum
993 4361 1224 4454 praebuerunt
1237 4357 1382 4427 codices
