2918 4890
308 1493 311 1501 ’
452 1535 1037 1630 pnnnrnrro.

652 1804 858 1816 *οη-..ι-
889 1802 893 1812 t

187 2011 296 2120 Huic
320 2051 562 2144 opusculorum
586 2043 740 2123 meorum
765 2050 937 2138 volumini,
961 2051 1003 2120 in·
1022 2071 1091 2140 qno
1108 2048 1197 2118 duae
1221 2056 1297 2119 suut

188 2187 515 2280 dissertatiunculue,
547 2213 637 2281 quae
662 2214 731 2261 non
753 2199 849 2260 erant
870 2189 965 2282 prius
992 2187 1119 2277 editae,
1153 2209 1296 2278 quarum

127 2350 129 2359 ἱ
188 2325 292 2394 altera
328 2335 460 2420 septem
490 2336 610 2421 aperta
635 2338 756 2422 operta
785 2327 880 2423 apud
904 2324 1113 2418 Aeschylum
1137 2326 1294 2413 continet,

186 2463 293 2532 altera
322 2464 368 2534 de
393 2488 552 2534 mensura
585 2469 759 2559 utriusque
792 2467 840 2540 do
871 2475 940 2559 est,
972 2487 1087 2559 pauca
1119 2486 1176 2533 me
1207 2485 1293 2555 pro·

183 2608 262 2693 pter
294 2601 378 2671 duas
410 2604 492 2672 alias
525 2605 724 2696 scriptiones
756 2605 906 2698 praefari
930 2612 1078 2697 oportet.
1139 2602 1192 2674 Ac
1217 2600 1293 2694 pri-

182 2759 241 2806 mo
267 2740 397 2832 gratiae
424 2741 580 2835 agendae
605 2750 682 2811 sunt
708 2741 876 2837 lulio-Fr.
902 2741 1075 2828 Wurmio,
1109 2740 1227 2830 quiin
1251 2737 1291 2808 iis

182 2897 272 2965 quae
291 2899 399 2969 nuper
421 2879 457 2948 in
477 2879 585 2949 lahnii
601 2880 786 2957 Annalibus
804 2877 962 2950 21830.
981 2879 1048 2948 vol
1064 2878 1124 2947 Ill
1143 2877 1225 2949 fasc.
1244 2876 1288 2946 lt

181 3012 225 3082 de
245 3012 458 3086 Archimedis
483 3015 697 3110 problemate
717 3018 843 3088 bovino
867 3018 1067 3112 disputavit,
1093 3015 1181 3084 vium
1204 3013 1289 3083 mihi

178 3152 429 3241 monstraverit,
462 3177 533 3245 qua
551 3156 613 3224 nisi
639 3156 795 3242 defendi,
828 3163 921 3226 certe
947 3152 1098 3226 excusari
1122 3152 1287 3244 scriptura

178 3312 268 3379 quae
300 3314 322 3359 a
348 3314 406 3360 mc
420 3312 424 3325 ¹
438 3301 568 3362 mutata
592 3301 685 3377 crat,
719 3303 821 3384 atque
852 3294 899 3362 ita
930 3290 1148 3387 problematis
1180 3290 1284 3358 inter-

175 3426 322 3519 pretatio
359 3429 434 3517 illu,
468 3453 558 3522 qnae
595 3453 617 3500 a
648 3430 827 3519 scholiasta
862 3431 999 3524 prodita
1037 3436 1108 3512 est,
1147 3428 1283 3497 retineri

174 3587 277 3657 posse
309 3566 472 3636 videatur.
535 3569 627 3638 Num
664 3568 753 3638 haec
788 3568 859 3638 duo
892 3591 970 3638 eum
1000 3589 1082 3636 vere
1113 3566 1282 3635 monuisse

172 3711 277 3792 puto,
306 3705 438 3796 primo,
470 3681 577 3796 quum
598 3729 715 3776 omnes
739 3684 957 3800 problematis
985 3711 1100 3797 partes
1125 3703 1280 3773 distincte
1366 3798 1369 3803 .

173 3839 238 3907 sint
271 3848 375 3939 atque
412 3845 587 3914 enucleate
624 3842 839 3936 descriptae,
881 3842 919 3912 id
949 3841 1193 3938 Archimedem
1221 3840 1278 3911 val

170 3977 316 4047 maxime
339 3978 375 4048 in
395 3981 517 4070 altero,
543 3982 647 4098 quse
670 3979 754 4050 mihi
773 3982 963 4077 significare
979 3979 1069 4049 risus
1095 3987 1184 4067 erat,
1209 3999 1275 4047 nu-

168 4133 285 4184 mero.
310 4114 473 4208 triquetro
515 4117 620 4190 luisse
659 4119 855 4205 facturum3·
899 4116 1024 4188 deinde
1062 4116 1167 4186 verba
1204 4114 1272 4204 illn,

167 4248 290 4341 quibua
322 4275 392 4350 ego
423 4253 619 4326 adducebar
650 4265 689 4328 ut
713 4257 815 4328 etiam
839 4279 965 4352 greges
997 4262 1169 4324 tauromm
1194 4273 1276 4322 om·-
