2918 4890
1194 184 1202 219 l

634 308 691 369 nn
726 301 1068 400 nannrcvcnav

829 550 872 625 V.

626 702 700 773 De
733 703 1076 799 dovrepetito.

404 857 645 950 Peruulgatum
661 868 732 944 est,
759 856 805 931 do
824 858 1002 926 indicativo
1027 867 1061 926 et
1085 857 1234 948 optativo
1257 857 1405 924 iunctum

300 960 429 1043 iterari,
455 971 492 1028 ut
508 952 559 1028 bis
574 970 667 1029 terve
685 963 719 1029 in
736 960 856 1028 eadem
871 962 1032 1030 sententia
1046 961 1194 1052 positum
1210 954 1403 1027 inveniatur.

299 1062 432 1130 Eadem
448 1065 532 1144 ratio
549 1063 640 1131 cadit
655 1065 754 1132 etiam
771 1065 805 1131 in
819 1064 1013 1132 infinitivum
1031 1075 1065 1132 et
1075 1064 1301 1154 participium,
1329 1065 1406 1152 quia

256 1158 259 1162 ⁴
300 1164 366 1232 hac
379 1167 473 1234 verbi
484 1176 598 1259 partes
612 1166 694 1234 nihil
707 1166 769 1235 nisi
784 1189 979 1234 conversam
993 1189 1034 1234 ex
1046 1166 1226 1234 indicativo
1240 1167 1294 1232 vel
1309 1176 1406 1255 opta-

290 1269 372 1339 'tivo
387 1269 573 1337 orationem
591 1271 770 1337 continent.
822 1269 894 1338 Sed
911 1268 946 1336 id
969 1292 1037 1336 non
1052 1279 1180 1337 temere
1198 1269 1272 1335 fieri
1293 1291 1405 1359 posse,

300 1386 422 1463 sponte
444 1380 548 1464 patet
601 1372 686 1440 Sunt
707 1381 819 1440 autern
847 1372 914 1439 duo
938 1371 1048 1459 modi,
1082 1371 1202 1460 quibus
1226 1371 1334 1461 repeti
1360 1371 1406 1442 ἄν

298 1483 422 1565 potest,
441 1497 536 1562 unua,
554 1497 658 1563 quum
673 1476 825 1566 pluribus
840 1476 951 1542 verbis
966 1474 1168 1565 interpositis
1184 1473 1284 1540 abeo
1300 1474 1405 1540 verbo

300 1577 437 1664 quicum
454 1578 612 1669 coniungi
627 1577 751 1650 debeat
763 1578 894 1670 longius
912 1579 1063 1646 avulsum
1078 1586 1145 1663 est,
1172 1599 1274 1666 quam
1288 1586 1405 1643 utnon

298 1679 451 1747 videatur
466 1679 669 1749 concinnitas
684 1681 838 1748 orationis
852 1682 1086 1771 repetitionem
1106 1680 1295 1768 requirere,
1322 1681 1406 1746 alter

298 1782 357 1870 qui
372 1791 424 1852 est
443 1783 547 1875 longe
566 1783 871 1878 frequentissimus,
898 1807 1002 1872 quum
1021 1785 1056 1850 in
1077 1792 1176 1875 parte
1200 1783 1312 1871 aliqua
1332 1806 1405 1850 sen·

298 1885 419 1954 tentiae
440 1885 587 1958 iteratur.
639 1888 745 1956 Plane
762 1888 850 1954 enim
871 1886 991 1954 eadem
1004 1887 1102 1954 huius
1119 1887 1303 1975 particulae
1321 1887 1405 1952 ratio

299 1997 366 2075 est,
392 1999 546 2077 quaeest
565 1991 791 2082 negationum.
843 1989 978 2056 Etenim
988 1976 1285 2079 'quemadmodum
1301 2012 1406 2077 quum

300 2091 344 2158 ad
353 2100 459 2164 totana
472 2092 667 2160 sententiam
674 2094 822 2185 pertinet
834 2093 980 2184 negatio,
995 2093 1107 2160 iterari
1119 2093 1153 2158 in
1163 2092 1314 2187 partibus
1324 2092 1405 2182 qui-

299 2192 443 2262 busdam
458 2195 561 2281 solet,
582 2204 619 2263 ut
638 2193 702 2268 otiu
725 2198 824 2270 ἔστιν
841 2191 979 2276 οὐδείς,
1003 2197 1050 2265 sic
1069 2197 1188 2283 etiam,
1215 2218 1320 2284 quum
1335 2204 1406 2263 tota

300 2299 460 2366 sententia
485 2298 713 2367 conditionalis
736 2307 803 2384 est,
835 2298 980 2366 refertur
1002 2323 1042 2367 ca
1069 2298 1214 2367 conditio
1240 2299 1406 2366 etiamad

238 2419 241 2423 ·
298 2410 412 2492 partes
438 2403 506 2470 eius
528 2402 713 2494 primarias.
765 2401 882 2469 Daca
905 2402 1036 2469 re'dixi
1057 2403 1102 2470 ad
1121 2402 1236 2493 Vigor.
1255 2426 1294 2493 p.
1319 2401 1404 2469 814.
1433 2480 1438 2486 ¹

300 2525 396 2592 seqq.
439 2503 534 2572 Sunt
554 2514 666 2574 autem
690 2511 805 2597 partes
830 2504 906 2570 illac
927 2506 1028 2593 tales,
1062 2514 1100 2572 ut
1119 2504 1247 2572 addant
1269 2505 1405 2593 aliquid,

298 2605 393 2696 quod
404 2607 461 2674 illa
475 2608 668 2699 principalis
681 2607 862 2676 sententiae
875 2608 1004 2675 ratione
1019 2607 1194 2675 afficiatur.
1246 2607 1287 2673 ld
1300 2608 1405 2673 modo

175 2728 178 2735 ’
299 2717 350 2779 cst
362 2711 594 2803 participium,
620 2713 706 2780 utin
724 2707 814 2779 Oed.
829 2709 872 2778 R.
894 2707 981 2778 828.

400 2859 476 2959 ἆρ’·
492 2861 557 2938 οὐκ
583 2860 651 2937 ἀπ’
677 2861 781 2955 ω’μοῦ
805 2860 924 2934 ταῦτα
952 2854 1124 2953 δαίμονός
1149 2887 1205 2942 τις
1231 2859 1276 2931 cio

401 2965 530 3066 κρίνων
558 2963 618 3041 ἐπ’
644 2963 749 3063 οἱνδρὶ
773 2957 934 3060 τῷδ’βοῖν
961 2961 1094 3059 όρθοίη
1121 2957 1229 3056 λόγον
1238 2992 1252 3054 ,·

298 3119 404 3188 modo
420 3119 567 3188 conditio
583 3118 677 3186 aliter
690 3138 864 3218 expressa,
889 3117 973 3184 utin
986 3116 1124 3184 Electra
1138 3140 1169 3183 v.
1187 3115 1272 3188 333.

318 3227 331 3249 l
880 3265 966 3352 ὅκκ’
992 3267 1037 3342 ἂν
1064 3271 1099 3344 εἰ
1123 3270 1251 3348 σθένος

257 3450 265 3461 ,
402 3366 575 3468 λάβοιμι,
602 3366 801 3472 δηλώσαιμ’
827 3372 873 3448 ἂν
900 3369 952 3446 οἷ’
978 3368 1103 3453 αὐτοῖς
1129 3371 1267 3469 φρονῶ·

299 3528 382 3597 etin
401 3528 515 3621 Antig.
531 3526 618 3599 466.

795 3676 878 3754 ἀλλ’
900 3679 946 3753 oia
972 3681 1008 3752 εἰ
1030 3672 1097 3750 adv
1123 3681 1159 3759 ἐξ
1185 3676 1270 3771 ἐμῆς

402 3777 541 3881 μηκρός
567 3775 725 3875 θᾳνόντ’
753 3779 927 3883 ἄθαπτον
953 3777 1109 3877 ἑοχόμην
1134 3780 1258 3867 νέκυν,

402 3887 532 3969 κείνοις
557 3885 603 3961 oia
629 3884 781 3984 ἤλγουν·

299 4041 383 4109 etin
403 4039 492 4112 Oed.
508 4042 553 4114 R.
570 4015 682 4114 1438.

401 4195 528 4288 i'dpoo'
556 4190 624 4282 ἄν,
650 4188 690 4266 ad
715 4186 821 4264 τοῦτ’
848 4185 930 4262 ἴσθ’
957 4185 1025 4277 ἄν,
1053 4190 1086 4260 εἰ
1110 4180 1163 4281 μή
1185 4190 1254 4259 τοῦ
1282 4191 1374 4262 θεοῦ

403 4290 586 4394 πρώτιστ’
613 4296 759 4395 ἔχρῃζον
785 4297 960 4384 ἐκμαθεῖν
986 4289 1025 4365 τί·
1049 4292 1238 4387 πρακτέον.
