2918 4890
213 285 276 347 ιιι
549 278 610 339 ou
648 271 996 341 rsnrrcvastv

213 462 449 588 οσγκοιμήσει
465 493 533 541 που
520 467 655 561 ’μέν’
638 466 798 561 coactori
815 494 836 539 ο
828 460 1098 546 ‘dudluoaoc⁸
1079 494 1186 548 ιππος
1209 468 1283 556 ἔχει
1306 466 1328 541 ὅ
1446 547 1448 550 ⁴

213 603 251 648 ιι
265 575 351 693 λέγῃ
366 563 456 666 προς
471 565 539 643 τόν
557 563 729 666 ἐραστήν,
757 597 816 640 και
810 565 931 651 α’ξισῐ
943 565 1028 641 οίντι
1020 568 1187 642 'nuituis
1205 565 1328 644 πόνων

139 682 144 697 “
212 700 349 770 σμικρα
341 668 592 746 ἀπολαῦσαι·
620 681 654 740 et
663 671 758 764 apud
771 673 911 762 Lysiam
926 673 1184 745 coutraAndoc.
1195 697 1231 765 p
1240 670 1326 747 254.

213 777 318 870 (106.
334 778 389 845 vel
402 774 491 848 238.
505 776 685 866 Reisk.)⁸
667 801 749 854 ισως
764 771 905 848 οὖνκαὶ
930 773 1154 870 ΚηφισιΗον
1129 804 1327 872 ανπικατη-

212 878 360 978 γορήσιι
383 878 442 951 καί
464 877 578 962 ἕξοι
554 908 574 952 ο
593 908 632 952 τι
649 880 751 973 λέγῃ·
778 878 839 946 sed
856 888 1037 966 utrumque
1056 901 1097 946 ex
1123 880 1326 952 coniectura.

211 983 400 1072 Vtrubique
417 983 522 1074 vulgo
548 982 665 1074 λέγοι,
699 981 761 1049 sed
780 982 858 1049 libri
879 981 996 1072 scripti
1015 982 1139 1071 Lysiae
1165 992 1199 1051 et
1221 984 1325 1074 longe

210 1087 345 1180 plurimi
359 1087 544 1177 optimique
559 1084 660 1153 codd.
682 1085 829 1152 Platonis
843 1086 947 1175 λέγει.
981 1082 1080 1152 Vnde
1094 1087 1228 1175 utrique
1243 1087 1326 1154 scri-

210 1190 300 1282 ptori
315 1187 338 1262 ὅ
353 1216 388 1261 ιι
412 1191 524 1282 λέγειν
547 1188 790 1256 restituendum
806 1188 948 1259 videtur.
1000 1187 1088 1255 Vide
1105 1188 1216 1280 Soph.
1234 1187 1324 1261 Oed.

212 1293 288 1366 Col.
317 1291 378 1359 48.
406 1301 440 1359 et
465 1315 553 1381 quae
581 1291 630 1358 ibi
654 1291 814 1359 adnotata
840 1301 924 1359 sunt.
977 1292 1219 1383 Aristophanes
1244 1315 1325 1363 vero

211 1406 302 1466 recte
318 1396 399 1463 dixit
411 1395 560 1486 inVesp.
576 1389 665 1463 945.
816 1398 822 1407 '

315 1561 395 1639 αλλ’
410 1560 475 1638 οὐκ
492 1565 586 1653 ἔχειν
601 1558 708 1643 οὗτός
726 1560 763 1656 γ’
781 1565 897 1636 ἔοικεν
914 1563 936 1638 ὅ
952 1594 991 1637 τι
1008 1567 1101 1662 λέγη

212 1738 340 1829 etipse
361 1736 459 1803 Plato
479 1732 766 1826 inLys.p222.
790 1729 972 1805 extr.a‘tt’
994 1735 1024 1806 εί
1049 1728 1324 1832 μηδὲντοιίιιον

211 1837 451 1934 φιλονεοπιν
481 1831 771 1930 tympanorum
787 1864 854 1926 εχω
871 1865 907 1907 τι
903 1834 1020 1928 layo
1061 1838 1108 1904 Et
1122 1837 1323 1906 Demosthe
1400 1920 1405 1930 .

210 1966 327 2039 nesp.
340 1940 427 2024 378
448 1935 482 2008 5.
511 1967 638 2036 ουγαρ
662 1933 706 2036 δὴ
723 1935 777 2012 δι’
799 1965 957 2031 αιιοριαν
973 1964 1071 2029 γιον
1089 1968 1213 2035 φησεις
1232 1942 1323 2029 ἔχειν

124 2127 127 2130 ,
210 2043 233 2118 ὅ
248 2073 286 2117 τι
303 2047 411 2141 εἱπῃς,
437 2053 475 2112 ut
488 2066 530 2112 ex
545 2043 647 2111 codd.
661 2065 727 2135 pro
742 2044 856 2122 εἴποις
871 2041 965 2108 dedit
979 2041 1167 2111 Beklrerus.
1218 2043 1324 2134 Apud

209 2121 452 2238 Thucydidem
469 2146 542 2216 Vll
556 2143 974 2238 25.1egnurdenavibus
996 2146 1236 2236 Syracusanis:
1263 2144 1323 2218 καί

196 2240 395 2323 'adroic'
351 2278 420 2344 μια
435 2250 504 2344 μὲν
520 2254 553 2330 ἐς
571 2242 897 2371 attondemur*
868 2275 999 2344 ῳχιτο,
1027 2247 1236 2376 πρίσβοις”
1210 2276 1320 2342 ayca-

209 2380 275 2441 σα,
303 2360 406 2480 oi'ncp
423 2348 471 2425 ποί
494 2379 534 2423 τε
552 2354 711 2447 σφέτερα
730 2345 918 2445 φριίοωσιν
941 2348 1002 2423 ὅτι
1023 2356 1061 2424 ἑν
1082 2351 1221 2425 ἐλπίσιν
1241 2349 1320 2430 εἰσί,

208 2449 352 2527 καίτοι
373 2460 443 2527 ἐκιι
432 2447 621 2543 πόλεμον
639 2453 812 2546 μᾶλλον’
795 2446 1022 2549 εποτριίνασι
1041 2453 1242 2547 γίγνεσθαι
1276 2456 1323 2525 At

208 2557 263 2624 vel
282 2566 425 2649 propter
441 2556 594 2624 additum
613 2557 681 2651 πὲρ
698 2577 888 2647 pronomen
909 2555 993 2624 illud
1005 2556 1087 2625 ferri
1103 2558 1235 2647 nequit:
1263 2580 1322 2625 or-

207 2669 280 2728 tum
305 2669 356 2728 est
379 2684 399 2728 e
421 2661 509 2728 male
531 2660 621 2727 lecto
644 2659 848 2749 compendio
872 2658 1105 2750 particulae'
1083 2687 1192 2747 οπως,
1220 2683 1321 2750 quam

207 2764 307 2854 pauci
323 2763 461 2854 quidem
477 2763 630 2850 codices,
658 2762 719 2830 sed
733 2762 781 2828 illi
793 2761 888 2829 haud
912 2761 1014 2830 dubie
1032 2772 1124 2832 recte
1143 2764 1319 2856 praebent.

206 2864 317 2934 Valde
341 2866 456 2935 differt
476 2867 519 2935 ab
540 2866 664 2934 hocin
683 2865 806 2934 eodem
820 2866 906 2933 libro
929 2889 958 2933 c.
977 2865 1011 2934 λ.
1027 2867 1128 2935 illud.
1154 2868 1321 2964 πρέσβεις

207 2996 248 3042 ιε
265 2966 369 3071 ἄλλοι
393 2969 466 3044 aeis
490 2966 728 3064 Συρακοσίων
752 2995 812 3039 και
804 2967 1094 3063 ’Κορινθίαν’
1076 2997 1109 3050 ες
1129 2972 1319 3042 Λακεδαί-

206 3066 304 3162 μονα
332 3100 391 3144 και
383 3066 610 3164 Κόρινθον
637 3064 971 3197 οίποστοίλησαν,”
948 3097 1043 3152 οπως
1075 3067 1235 3166 στρατια
1263 3074 1320 3144 ἔτι

207 3175 399 3271 πιραιαθῇ
408 3167 559 3270 τρόπῳ
547 3168 576 3246 oi
589 3172 634 3246 οίν
647 3175 686 3246 ἐν
701 3166 889 3245 ὀλκσίσιν“
867 3201 888 3270 η
905 3171 1082 3254 πλοίοις
1060 3202 1080 3268 η
1097 3172 1246 3254 σίλλος
1224 3202 1319 3254 οπως

132 3298 166 3371 ⁸.
207 3302 252 3348 ον
270 3277 448 3373 προχωρῇ.
483 3279 561 3345 Νοιι
578 3277 665 3345 enim
677 3276 762 3358 finis,
787 3275 848 3344 sed
864 3270 1012 3343 conditio
1027 3275 1223 3362 indicatur,
1232 3300 1318 3369 quo·

207 3399 357 3472 cumque
369 3381 479 3449 modo
494 3403 555 3450 res
563 3379 823 3474 procedere
787 3401 869 3448 αισα
873 3376 1051 3471 fuerat

308 3484 429 3552 Barim
444 3482 532 3552 est⁸⁸
510 3512 604 3564 οπως
619 3507 696 3551 cum
711 3483 852 3578 futuro⁸
842 3506 878 3550 ur
892 3481 1056 3551 eiusmodi
1070 3482 1202 3567 locis‚⁸
1193 3505 1227 3549 m
1241 3483 1317 3572 qui·

205 3585 268 3654 bus
282 3588 468 3656 necessario
482 3611 548 3678 per
561 3587 874 3656 atvertendumest.
902 3585 1092 3678 Sophocles
1107 3584 1193 3653 Phil.
1205 3584 1314 3653 1068.

308 3783 416 3851 χωριι
434 3783 537 3848 ov
522 3785 574 3852 ιη
567 3743 802 3850 προςλισσσι
810 3809 824 3843 ,
851 3781 1013 3848 γενναιος
1026 3777 1171 3850 nepos
1233 3802 1236 3807 »
1303 3731 1306 3739 ⁸

307 3855 409 3954 ἡμῶν
428 3857 522 3941 ὅπως
537 3853 590 3952 μα’
603 3887 669 3948 την
682 3851 793 3953 ια’χην
809 3861 1032 3954 διαφθερεῖς

203 4009 323 4100 Eurip.
338 4011 415 4101 lph.
431 4014 474 4082 T.
491 4012 576 4081 321.

308 4166 367 4236 Π(
357 4156 478 4261 λαδη
506 4158 740 4258 θανούμεθ’·
767 4133 871 4252 αλλ’,
899 4190 993 4245 οπως
1010 4156 1233 4255 θανονμεθα

306 4259 497 4356 κάλλισθ’,
525 4273 613 4340 εποο
625 4294 718 4362 μοι
745 4293 933 4364 φασγανον
949 4294 1087 4348 σπασας
1099 4294 1189 4365 χιρι
