2918 4890
410 286 841 350 HERMES-IANACTIS
862 291 1019 355 ELEGI-
1204 299 1267 364 241

317 461 411 547 ἔνθα
427 473 609 572 Χάρων
584 505 696 571 ανοην
711 482 903 551 έλαεται’
867 507 916 560 εις
930 478 1068 569 άιιατον
1167 561 1169 567 ,
1189 476 1192 480 ⁸
1216 556 1218 559 ,
1250 534 1252 539 s

213 570 238 640 5
265 570 381 670 ψυχάς
396 580 611 669 οἰχομένων·
629 579 745 703 λιμνη
761 577 834 653 δ’*
813 608 870 655 επι
883 608 1026 677 μαιιρον
1042 580 1162 674 α’ϋτοῖ,

316 679 433 774 ρἰάμα
450 681 524 752 διέιι
541 675 750 772 μιμάλων
728 709 810 780 ρυομ
811 684 886 779 ιένη
903 679 1072 770 δονάκων.

169 844 173 854 ,
265 775 346 851 άλλ’
361 782 455 905 ἔτλη
456 777 558 878 παρά
571 783 669 876 κάμοι
684 783 912 904 μονόζωστος
923 787 1121 880 κιθαρίζων

315 877 491 977 Ορφιάς,
519 882 767 966 παντοίονςδ
783 889 984 969 ἐξανέπεισε
1002 884 1129 970 θεούς·

268 980 500 1059 Κωαοτάν’
463 1014 485 1060 τ
515 983 757 1078 άθέμιστον
738 1016 782 1062 επ
814 983 949 1118 ρ’φράσι
961 986 1187 1088 μειδήσαντα

189 1084 238 1153 lu
315 1082 376 1183 ἠδέ
393 1115 452 1161 ναι
472 1083 672 1164 αἰνοτάτου
685 1087 860 1185 βλέμμ’
840 1093 1007 1184 οπέμιινο
1020 1089 1139 1181 surde,

160 1298 368 1308 ———---

244 1426 275 1490 4.
298 1429 371 1490 Tam
391 1429 509 1508 elegans
531 1439 577 1490 est
593 1437 682 1508 atque
705 1428 868 1504 usitatum,
898 1431 980 1510 quod
997 1431 1163 1511 Lennepins
1186 1453 1263 1493 con·

158 1511 230 1572 iecit
252 1510 377 1593 ποινήν,
398 1525 434 1574 ut
456 1535 516 1574 non
539 1515 630 1575 mirer
646 1513 807 1593 probatum
833 1534 897 1575 esse
916 1516 953 1575 ab
976 1517 1123 1578 omnibus.
1133 1513 1161 1599 ⁸)
1205 1519 1264 1579 Sed

158 1607 258 1657 tamen
272 1598 417 1659 librorum
433 1599 583 1679 scripture
596 1598 685 1674 facit,
706 1608 741 1659 ut
757 1599 893 1660 dubitem
904 1621 944 1660 un
956 1602 1149 1681 exquisitiora
1162 1623 1263 1664 amans

158 1693 249 1762 poeta
265 1681 376 1746 ductor
390 1685 472 1744 illam
488 1683 591 1765 potius
607 1677 721 1764 άόκνην
733 1683 853 1745 dixerit.

245 1770 274 1834 5.
300 1769 418 1842 Quod
408 1790 439 1828 ιιι
458 1768 524 1828 cod.
541 1769 614 1832 Ven.
627 1777 672 1828 est
678 1770 831 1868 ,λίμνηι,
853 1785 916 1828 non
933 1766 1061 1829 debebat
1075 1771 1264 1833 nominativis

157 1852 242 1911 litem
258 1874 388 1916 movere
431 1857 463 1914 Si
487 1853 562 1932 quid
578 1863 753 1933 suspectum
774 1853 981 1928 inhoeloco,
1006 1865 1049 1924 est
1065 1855 1098 1914 id
1120 1857 1263 1938 ῥυομένη,

158 1937 309 2013 inusitata,
330 1939 384 1998 sed
397 1939 522 2020 propris
535 1947 634 1998 temen
648 1937 862 2016 significatione
875 1937 1016 2018 positum,
1044 1949 1077 1998 ut
1088 1962 1150 2000 non
1161 1943 1262 2002 videe-

156 2023 393 2082 turmutendum
402 2044 474 2084 esse
497 2023 529 2082 Sr
537 2032 636 2084 temen
638 2022 807 2124 coropitae]
814 2029 981 2104 praestaret
992 2024 1058 2083 aliis
1072 2027 1263 2090 coniecturis.

245 2113 274 2172 7.
299 2103 503 2182 Μονόζωστος
523 2128 581 2187 pro
604 2103 807 2186 μονόζωστον,
837 2107 1015 2176 Ruhnkenio
1039 2109 1178 2171 debetur:
1210 2112 1264 2172 sed

157 2199 186 2250 et
194 2187 246 2248 h1o
261 2201 291 2250 et
300 2193 419 2252 aliinon
432 2194 597 2265 παντοίους
611 2201 725 2251 tentare
738 2192 894 2269 debebant,
916 2190 970 2250 sed
981 2192 1157 2270 ἐξανέπεισε,
1181 2197 1264 2275 quod

156 2275 284 2335 verbum
300 2297 360 2336 non
380 2278 476 2337 solum
491 2287 616 2375 propter
629 2277 770 2335 soristum
780 2298 838 2356 pro
854 2239 1031 2357 imperfecto
1044 2279 1186 2358 positum,
1209 2281 1263 2340 sed

156 2362 251 2436 magis
262 2361 349 2420 etiam
365 2363 590 2441 proptertotius
605 2360 664 2420 loci
679 2361 825 2421 rationem
839 2362 983 2422 vitiosum
1000 2382 1072 2434 esse,
1094 2384 1202 2424 versus
1213 2369 1262 2431 13.

157 2445 257 2506 docet.
300 2446 391 2506 Poeta
413 2445 569 2526 Orpheum
592 2445 709 2506 dixerat
726 2466 865 2506 securum
883 2448 963 2506 inter
986 2447 1096 2506 inferni
1118 2447 1262 2509 horrores

157 2532 291 2589 omnium
307 2531 473 2591 celebrasse
495 2532 599 2591 laudes
620 2530 754 2591 deorum.
799 2531 914 2607 tuille,
936 2531 993 2589 nisi
1010 2533 1118 2607 fallor,
1146 2533 1263 2635 signifi-

157 2625 278 2674 caverat
303 2616 399 2676 verbo
423 2615 603 2692 ἐξανέλισσε,
624 2636 687 2695 quo
710 2617 841 2676 refertur
865 2627 968 2696 postea
990 2617 1081 2678 ἔνθεν
1099 2611 1262 2680 άοιδιάωνι

157 2701 194 2759 ab
206 2702 417 2762 universorum
430 2722 537 2780 genere
548 2701 674 2760 deorum
687 2721 827 2777 exorsus,
848 2703 982 2761 infernos
995 2703 1132 2762 exoravit
1146 2724 1239 2781 reges.

240 2789 269 2848 9.
292 2785 348 2845 Hic
368 2788 453 2846 locus
473 2787 658 2847 luculentum
680 2785 805 2883 praebet
824 2786 907 2844 illins
929 2805 1018 2865 quam
1040 2806 1140 2865 supra
1157 2788 1262 2847 notavi

157 2869 291 2950 duplicis
307 2872 480 2931 criticorum
497 2870 705 2973 perversitatis
724 2871 905 2950 exemplum,
928 2890 1020 2949 quum
1036 2872 1074 2929 ad
1088 2871 1180 2931 verba
1194 2883 1261 2932 tan-

155 2965 219 3014 tum
235 2957 340 3016 attenti
357 2951 416 3019 ὑπ’
435 2953 551 3037 σ’φράσι
573 2951 758 3036 μειδησαντα
778 2956 978 3030 coniecerint,
1002 2975 1063 3014 non
1078 2967 1261 3036 reputantes,

155 3041 181 3098 si
202 3041 292 3115 illuc,
311 3050 347 3100 ut
366 3042 440 3123 ipsis
459 3042 637 3119 videbatur,
663 3038 807 3121 άπέμεινε
823 2999 1013 3101 referenddm
1031 3049 1093 3115 est,
1116 3042 1261 3102 ridentem

59 3123 62 3127 ’
157 3126 307 3185 sustinere
320 3147 382 3186 non
406 3127 489 3187 adeo
504 3127 628 3186 difficile
644 3145 724 3199 esse;
753 3147 814 3185 non
831 3125 1010 3186 offenderint
1032 3134 1130 3185 autem
1150 3126 1182 3185 in
1204 3122 1262 3207 ἠδὲ

155 3211 225 3285 καί,
259 3210 344 3268 cuius
366 3221 401 3269 nt
421 3213 525 3291 paullo
548 3213 647 3271 minor
668 3212 820 3290 pravitas,
848 3210 991 3287 elegantis
1009 3230 1069 3268 non
1088 3211 1185 3271 maior
1206 3221 1260 3289 est,

157 3313 247 3371 quam
273 3295 380 3353 illins
371 3297 561 3400 inscriptioni
586 3297 737 3354 Crissaeao
756 3296 865 3354 iterum
885 3296 1053 3375 iterumque
1069 3292 1181 3354 frustra
1205 3297 1259 3355 ob-

156 3379 234 3436 trusi
250 3380 302 3441 not
315 3401 358 3444 τε.
400 3375 584 3460 Ἀθέμιστον
597 3380 657 3438 dici
674 3379 821 3484 Cocytum
838 3399 929 3457 quum
947 3399 1033 3457 segre
1048 3379 1140 3440 serrat
1155 3380 1260 3440 Ruhn-

154 3463 271 3539 iremus,
295 3483 350 3524 cur
364 3485 425 3522 non
440 3466 557 3542 aegrius
572 3465 660 3524 etiam
676 3463 782 3522 tutit‘
760 3458 819 3526 οπ’
831 3459 947 3543 άφράσι
961 3453 1154 3544 μειδήσαντα,
1177 3465 1260 3545 quod

154 3549 208 3607 vix
229 3549 327 3628 lyrico
350 3549 574 3610 concedendum
598 3548 740 3607 videtur?
762 3549 858 3608 Immo
867 3551 1005 3632 flumine
1025 3548 1176 3628 languido
1205 3547 1260 3610 Co·

155 3645 242 3711 cyrus
257 3656 363 3692 errans
382 3636 485 3708 aliter,
508 3637 632 3714 opinor,
654 3632 828 3696 testificatus
849 3643 943 3694 estse
965 3632 1086 3713 Orphea
1108 3635 1259 3695 testudine

156 3729 336 3778 commotum
356 3741 427 3780 esse.
470 3720 615 3825 Itaque
592 3738 635 3817 προ
656 3719 757 3797 potius
773 3718 928 3799 scripsisse
942 3731 1062 3878 poetam
1078 3718 1258 3779 existimem.

117 3823 120 3829 ’
156 3799 344 3867 Κωπατόντ’
356 3799 517 3868 άνέθιστον
534 3798 586 3867 ἐπ’
598 3795 735 3885 ὀφρύσιν
750 3800 916 3914 οἰόήσαντα
930 3826 943 3866 ε
958 3805 990 3866 δε
1029 3801 1082 3865 καὶ
1095 3794 1257 3867 αἰνοτάτου

155 3888 229 3968 utto
208 3883 265 3969 μμ
281 3887 324 3951 άπ
326 3885 537 3970 έμεινειιανάς.
545 3880 574 3970 ι’)
1194 3919 1196 3923 ’

224 4090 254 4158 e)
272 4089 325 4142 Sed
338 4093 423 4141 temen
438 4088 599 4157 Gdtdingins
619 4089 687 4177 apud
703 4089 845 4142 Weberum
868 4081 988 4152 ἅκαλήν,
1011 4085 1187 4139 Btomfieldins
1207 4103 1256 4139 su-

153 4161 221 4220 tem,
247 4157 310 4211 satis
327 4157 438 4210 mirabili
459 4159 620 4226 coniectura,
646 4155 757 4228 ω’χρήν,
783 4174 880 4227 quaes
897 4155 1016 4209 Baebio
1008 4173 1036 4207 ιιι
1050 4157 1132 4225 ipsum
1147 4163 1255 4209 estten-

152 4231 383 4364 ωωῖιῗθάοᾝίοο
400 4311 476 4364 quum
499 4291 633 4365 vidisset,
660 4294 731 4366 quod
746 4303 826 4362 atque
839 4295 906 4348 adeo
929 4291 1102 4362 significaret,
1129 4290 1254 4357 defendit,

204 4384 416 4457 Hermos.
442 4386 500 4454 lv.
1011 4383 1045 4468 Q
