2918 4890
540 242 853 304 COLVTlll.
1190 250 1255 312 211

146 435 226 517 duo,
252 432 421 522 inquibus
438 426 587 527 χρύσεος
610 442 671 517 est,
699 442 842 525 propter
858 433 989 525 primae
1006 435 1255 527 correptionem

146 538 250 604 dubia
267 546 357 604 sunt:
379 561 410 604 v.
423 536 573 607 Wemik.
588 562 623 629 p.
641 534 728 606 465.
765 537 837 606 Sed
850 537 1124 629 Tryphiodorus,
1151 562 1254 628 quem

144 642 179 707 in
201 641 368 707 nonnullis
391 639 493 708 rebus
517 640 560 706 ab
582 641 705 707 Nonno
733 640 923 708 discessisse
947 640 1038 708 idem
1063 639 1251 713 Wernikius

144 744 353 827 observavit,
395 742 751 834 duodequinquaginta
786 766 902 812 versus
940 742 1062 831 habet,
1109 767 1254 834 quornm
1362 828 1365 836 ¹

143 848 244 938 primi
260 847 328 914 duo
347 846 455 939 pedes
473 847 620 936 spondei
640 855 738 928 sunt,
769 846 854 914 dnos
870 856 982 914 autern
1000 872 1032 919 v.
1057 844 1144 915 461.
1166 845 1252 918 543.

143 972 287 1038 quorum
302 951 422 1017 ambae
431 950 560 1040 primae
570 949 732 1040 dipodiae
739 972 782 1017 ex
792 949 952 1041 spondeis
968 959 1137 1034 constant3
1164 951 1252 1022 duos

144 1053 309 1142 deniqne,
335 1055 369 1119 in
386 1053 506 1141 quibus
525 1053 593 1119 duo
615 1053 764 1144 contigui
781 1048 857 1121 sunt
872 1053 1079 1122 diversarum
1094 1053 1253 1146 dipodia-

142 1179 217 1223 rurn
234 1155 395 1248 spondei,
421 1179 454 1228 v.
472 1154 534 1227 vt.
552 1154 640 1227 474.
659 1154 753 1244 quod
768 1178 875 1248 genus
889 1157 982 1248 apud
999 1156 1184 1232 Coluthum
1199 1160 1252 1226 in-

141 1257 382 1327 veniturv.2l.
400 1258 461 1326 32.
476 1255 537 1325 61.
556 1256 641 1325 132.
659 1257 1251 1331 13114121111211182.

142 1358 231 1433 365.
256 1362 342 1430 316.
395 1361 599 1429 Huiusmodi
622 1362 873 1430 observationes
894 1364 955 1432 etsi
977 1386 1045 1431 non
1071 1373 1147 1431 sunt
1169 1388 1251 1432 con·
1348 1405 1349 1408 ε

140 1466 375 1558 temnendae,
382 1473 499 1559 111111
513 1487 557 1531 ne
571 1464 780 1541 abutendum
801 1465 972 1553 quidem”
952 1489 990 1534 ns
1011 1475 1077 1535 est:
1104 1466 1141 1533 id
1158 1466 1251 1557 qnod

141 1567 265 1634 accidit
281 1526 467 1635 Wernilrio.
520 1566 729 1634 Novissimus
748 1567 857 1634 editor
874 1568 1026 1659 Dionysii
1048 1570 1251 1660 Pericgetae

142 1692 304 1762 quump.
331 1666 417 1737 5⁰8.
444 1669 566 1738 faciem
589 1669 688 1736 istam
708 1669 862 1738 carminis
886 1672 973 1760 epici
994 1693 1062 1738 non
1084 1693 1120 1737 a
1127 1673 1250 1738 Nonno

142 1770 283 1839 demum
304 1773 436 1840 fluxisse
461 1771 610 1863 scripsit,
635 1771 715 1865 novi
736 1773 868 1839 luminis
886 1773 983 1840 iubar
1004 1796 1046 1839 ex
1064 1773 1250 1862 longinquo

141 1875 305 1961 ostendit,
333 1875 386 1942 cui
401 1884 516 1942 tamen
530 1875 693 1942 vellemus
707 1875 868 1942 faustiore
882 1875 1031 1967 auspicio
1047 1897 1147 1964 qnam
1160 1873 1249 1942 Bas-

141 1978 254 2045 saricis
274 1979 427 2069 Dionysii
450 1977 645 2069 praelusum
675 1986 773 2044 esset.
825 1977 948 2044 Redeo
978 1977 1023 2044 ad
1054 1977 1247 2046 Coluthunr.

141 2080 339 2154 Μολοῦσαι
353 2082 380 2148 si
397 2102 439 2148 ex
454 2078 702 2147 Hemsterhusii
723 2078 914 2146 coniectura
928 2080 962 2146 in
975 2073 1158 2170 μολούσας
1171 2103 1249 2151 mu·

141 2192 287 2269 taretur,
320 2192 419 2251 antea
446 2181 662 2250 scribendum
685 2190 757 2248 erat
788 2175 1008 2278 οέθανοῖιῃσι.
1061 2182 1133 2250 Sed
1154 2193 1248 2252 recte

140 2286 305 2353 librorum
321 2287 523 2376 scripturam
539 2285 684 2352 servavit
698 2284 863 2369 lulianus,
891 2284 1110 2374 defenditque
1128 2308 1248 2354 censor

140 2388 439 2481 Heidelbergensis
462 2389 496 2455 in
517 2388 701 2457 Annalibus
731 2384 843 2456 1824.
868 2387 906 2456 Ρ.
936 2387 977 2456 V.
998 2412 1033 2479 p.
1062 2387 1148 2460 561.
1175 2412 1247 2477 seq.

38 2490 41 2496 ’
140 2493 263 2582 Neque
278 2493 367 2560 enirn
384 2490 464 2559 dicit
478 2500 594 2583 poeta,
621 2513 681 2558 vos
698 2489 779 2558 deas
800 2513 821 2557 a
836 2490 959 2560 Paride
973 2491 1134 2560 iudicatas
1149 2491 1273 2571 vidi-9

84 2587 88 2592 ⁴
140 2596 215 2683 stis,
243 2596 323 2678 sed,
346 2595 473 2664 vidistis
487 2595 633 2663 iudicem
646 2594 759 2661 Parim
775 2603 809 2661 et
821 2594 993 2664 victricem
1008 2596 1185 2663 Venerem.

243 2698 353 2766 Finito
376 2700 554 2790 prooemio
576 2692 685 2790 ips'anr
713 2697 761 2765 rei
785 2698 1030 2788 expositionem
1050 2698 1248 2792 aggreditur

66 2893 70 2902 .
140 2810 244 2892 poeta
260 2801 313 2869 his
330 2803 459 2870 verbis:

244 2981 292 3035 ως
310 2952 333 3028 ὃ
345 2953 414 3046 μὲν
433 2945 706 3047 υψιλόφοισιν’
688 2979 726 3026 εν
741 2949 888 3046 οὔρεσιν
902 2944 1135 3048 Αἱμονιήων,

240 3056 446 3151 νυμφιδίων
465 3056 611 3179 Πηλῆος
627 3051 884 3146 ἀειδομένων
861 3051 1042 3145 υμεναίων
1049 3107 1063 3142 ,

244 3152 393 3255 Zpuoc’
376 3152 645 3256 εφημοούνησιν
661 3149 829 3252 ἐῳνοχόει
844 3149 1072 3252 Γανυμήδης

243 3261 344 3332 παῖσα
359 3263 397 3334 δὲ
414 3260 634 3334 κυδαίνουσα
652 3260 749 3332 θεοῖν
764 3261 911 3332 ἔσπευδε
926 3259 1078 3356 γενέθλη

245 3357 556 3461 αὐτοκασιγνήτην
570 3357 788 3436 λευκώλενον
799 3356 1055 3456 Αμφιτρίιης.

139 3515 179 3582 ln
195 3537 262 3583 uno
276 3513 377 3582 codd.
392 3512 639 3600 Parisiensinm,
666 3534 809 3604 quorum
823 3513 1021 3604 scripturam
1042 3533 1243 3602 repraesen-

139 3619 222 3685 tavit
246 3619 410 3708 IulianuS,
442 3617 567 3710 legitur
594 3615 639 3696 nic
661 3616 730 3685 sine
756 3625 913 3684 accentu:
945 3616 981 3683 id
1002 3614 1061 3704 qui
1081 3615 1242 3681 vertendo

141 3723 320 3812 expressit,
350 3721 563 3813 Lennepius‚
597 3720 717 3788 merito
740 3718 967 3811 reprehensus
992 3727 1052 3790 est.
1107 3716 1243 3784 Genui-

139 3848 217 3891 nam
238 3816 437 3916 scripturam
456 3847 560 3914 quum
581 3823 728 3892 lulianus
744 3845 844 3891 versu
870 3821 958 3894 121.
981 3820 1170 3888 confirmari
1189 3821 1265 3889 iu-.

140 3927 280 4014 dicavit,
307 3951 436 3996 enasse
454 3927 596 3996 videtur.
649 3927 765 3996 Habet
781 3926 870 3994 enim
882 3925 928 3992 ibi
942 3924 1107 4016 particula
1123 3924 1244 3992 iustam

139 4031 318 4118 rationem,
352 4032 479 4098 sicum
503 4027 673 4124 λιγαίνων
693 4029 913 4122 coniungitur.
964 4027 1031 4095 Hic
1053 4048 1152 4114 vero,
1184 4025 1244 4094 ubi

138 4133 222 4200 nihil
241 4133 443 4226 praecessit,
471 4155 539 4222 quo
560 4133 725 4201 referatur
743 4133 827 4200 illud
841 4127 901 4215 ὥς,
926 4152 995 4198 non
1011 4129 1129 4214 video,
1155 4125 1244 4217 quo-

138 4237 243 4304 modo
264 4259 306 4306 eo
325 4237 373 4304 uti
387 4227 537 4329 potuerit
555 4245 669 4328 poeta.
721 4237 811 4305 Nam
833 4234 861 4303 si
879 4233 1053 4302 Homerus
1070 4230 1182 4300 Iliadis
1199 4231 1243 4298 li-

966 4349 1036 4420 0*
